1619 2556
181 140 258 180 102
590 150 1091 184 BATPAXOMTOMAXIA.

176 256 344 312 ἰσχύσει
363 255 646 314 βατράχοισιν
666 253 882 312 ἀρηγέμεν
901 255 1039 302 αἰπὺν
1057 255 1258 314 ὄλεθρον.

175 322 275 372 ἀλλ’
296 322 375 380 ἆγε
395 323 554 375 πάντες
574 331 709 381 ἴωμεν
729 321 960 381 ἀρηγόνες’
989 321 1017 382 ἦ
1035 324 1082 368 τὸ
1104 324 1182 369 σὸν
1201 323 1336 370 ὅπλον
1441 336 1511 371 280

176 398 389 438 κινείσθω
409 392 519 450 μέγα
545 392 863 436 Τιτανοκτόνον
881 390 1182 451 ὀβριμοεργόν,

179 454 213 521 ᾦ
233 478 337 505 ποτε
357 462 429 505 καὶ
448 464 668 518 Καπανῆα
688 460 947 513 κατέκτανες
967 459 1151 519 ὄβριμον
1170 460 1312 516 ἄνδρα

178 531 249 573 καὶ
268 529 407 586 μέγαν
425 526 686 585 Ἐγκέλαδον
705 530 775 573 καὶ
795 526 924 585 α”γρια
945 532 1064 586 φῦλα
1084 530 1327 587 Γιγάντων,

178 603 410 642 κινείσθω·
441 596 554 641 οὕτω
575 597 658 654 γὰρ
678 594 913 647 ἁλώσεται,
944 595 1061 649 ὅστις
1081 596 1265 653 ἄριστος.
1411 599 1511 652 [285]

253 663 332 717 Ὣς
342 663 407 722 ἄρ’
420 671 503 722 ἔφη
516 679 525 687 ·
545 669 765 723 Κρονίδης
779 669 803 709 δ
810 663 819 678 ’
832 670 961 721 ἔβαλε
975 664 1189 718 ψολόεντα
1202 664 1431 721 κεραυνόν.
1442 675 1510 710 285

178 737 327 790 πρῶτα
347 734 429 790 μὲν
449 733 685 791 ἐβρόντησε
699 769 708 782 ,
737 733 875 791 μέγαν
898 731 941 778 δ’
963 733 1402 792 ἐλέλιξενὍλυμπον,

177 799 314 857 αὐτὰρ
335 807 483 846 ἔπειτα
503 801 741 857 κεραυνὸν.
771 801 1002 858 δειμαλέον
1021 802 1129 854 Διὸς
1149 800 1300 858 ὅπλον,

180 865 249 928 ἧκ’
272 869 544 927 ἐπιδινήσας·
573 868 595 914 ὁ
617 869 659 914 δ’
681 868 752 927 ἄρ’
775 875 930 915 ἔπτατο
951 869 1091 927 χειρὸς
1113 869 1311 922 ἄνακτος.

178 938 342 990 πάντας
354 938 436 995 μέν
450 936 494 994 ῥ’
509 938 699 995 ἐφόβησε
714 936 863 995 βαλών
877 939 947 982 ἐπὶ
962 938 1117 984 τούσδε
1129 937 1398 994 [κεραυνόν·]
1408 938 1509 992 [290]

178 1004 274 1053 ἀλλ’
296 1004 396 1051 οὐδ’
419 1004 475 1058 (ὃς
494 1004 684 1063 ἀπέληγε
702 1009 828 1063 μυῶν
841 1005 1042 1061 στρατὸς,
1064 1004 1161 1051 ἀλλ’
1177 1012 1239 1052 ἔτι
1259 1010 1425 1064 μᾶλλον
1442 1015 1512 1050 290

179 1081 330 1121 ἔλπετο
352 1074 596 1131 πορθήσειν
615 1075 846 1131 βατράχων
866 1074 990 1130 γένος
1009 1075 1273 1132 αἰχμητάων,

179 1148 218 1187 εἰ
235 1141 292 1200 μὴ
312 1141 388 1187 ἀπ’
413 1141 657 1200 Οὐλύμπου
676 1143 920 1200 βατράχους
943 1141 1122 1202 ᾤκτειρε
1141 1147 1361 1199 Κρονίων,

177 1210 224 1263 ὅς
245 1214 300 1267 ῥα
322 1209 410 1255 τότ’
435 1213 483 1256 ἐν
507 1210 791 1268 βατράχοισιν
811 1209 1008 1267 ἀρωγοὺς
1029 1209 1166 1262 εὐθὺς
1187 1217 1391 1268 ἔπεμψεν.

265 1273 433 1324 ῗΗλθον
454 1277 495 1324 δ’
519 1282 724 1336 ἐξαίφνης
744 1278 1042 1336 νωτάκμονες,
1075 1276 1384 1336 ἀγκυλοχῆλαι,
1411 1281 1508 1332 [295]

178 1346 430 1404 λοξοβάται,
460 1350 684 1404 στρεβλοὶ,
714 1346 1049 1404 ψαλιδόστομοι,
1070 1344 1425 1405 ὀστρακόδερμοι,
1445 1355 1511 1391 295

177 1414 432 1472 ὀστοφυεῖς,
465 1415 761 1468 πλατύνωτοι,
791 1413 1130 1471 ἀποστίλβοντες
1149 1417 1197 1460 ἐν
1216 1414 1361 1472 ὤμοις,

178 1486 371 1541 βλαισοὶ,
401 1483 739 1541 χειροτένοντες,
769 1482 853 1528 ἀπὸ
874 1483 1069 1540 στέρνων
1088 1485 1338 1540 ἐσορῶντες,

178 1551 416 1604 ὀκτάποδες
429 1587 438 1595 .
469 1552 704 1609 δικέραιοι,
737 1549 946 1608 ἀτειρέες,
979 1554 1025 1595 οἰ
1041 1551 1088 1596 δὲ
1107 1555 1342 1596 καλεῦνται

178 1627 399 1676 καρκίνοι,
428 1624 472 1664 οἳ
490 1623 544 1675 ῥα
563 1624 689 1678 μυῶν
708 1617 841 1676 οὐρὰς
860 1618 1147 1676 στομάτεσσιν
1167 1624 1352 1664 ἔκοπτον
1408 1622 1508 1673 [300]

1546 0 1619 230 ῑ

1595 238 1619 335 3

1599 355 1619 374 Συ

179 1687 254 1746 ἠδὲ
273 1688 410 1739 πόδας
429 1691 502 1733 καὶ
521 1699 687 1744 χεῖρας’
714 1687 1069 1746 ἀνεγνάμπτοντο
1092 1688 1139 1731 δὲ
1159 1687 1321 1746 λόγχαι.
1442 1697 1512 1732 300
1580 1687 1591 1697 ’

178 1757 277 1808 τοὺς
299 1755 352 1814 δὴ
372 1755 640 1802 ὑπέδδεισαν
660 1757 818 1807 πάντες
837 1756 965 1813 μύες,
994 1753 1094 1800 οὐδ’
1117 1753 1179 1800 ἔτ’
1201 1762 1391 1814 ἔμειναν,

178 1829 220 1877 ἐς
241 1825 288 1871 δὲ
309 1824 459 1883 φυγὴν
479 1824 740 1880 ἐτράποντο·
769 1823 948 1869 ἐδύσετο
970 1822 1012 1868 δ’
1034 1822 1152 1880 ἥλιος
1171 1822 1268 1881 ἤδη,

177 1896 250 1938 καὶ
268 1894 460 1951 πολέμου
480 1892 627 1950 τελετὴ
646 1892 920 1950 μονοημέρου
941 1890 1207 1948 ἐξετελέσθη.
