1619 2556
524 112 585 143 IV.
620 111 700 143 ΕΙΣ
727 109 1023 142 ΑΦΡΟΔΙΤΗΝ.
1387 100 1438 138 45

633 218 697 233 -----

113 241 329 342 ἑσσαμένη
345 281 387 328 δ’
408 278 458 327 εὖ
477 283 619 327 πάντα
639 285 739 340 περὶ
759 287 856 340 χροῑ
876 286 947 326 δῖα
970 282 1121 327 θεάων

112 358 212 409 ἔστη
231 352 318 409 πὰρ
338 356 504 409 κλισίῃ·
535 349 768 407 ευποιήτου
789 351 836 396 δὲ
854 349 1079 407 μελάθρου

111 424 218 477 κῦρε
243 420 375 477 κάρη·
402 419 557 471 κάλλος
578 420 625 464 δὲ
644 418 867 475 παρειάων
885 415 1140 475 άπέλαμπεν

111 487 353 546 ἄμβροτον,
381 485 477 531 οἶόν
495 485 535 530 τ’
556 489 674 532 ἐστὶν
693 486 967 544 ἐϋστεφάνου
985 490 1246 543 Κυθερείης.
1381 493 1438 529 175

113 558 156 610 ἐξ
175 556 320 601 ὕπνου
338 553 380 600 τ’
401 553 648 613 ἀνέγειρεν,
677 561 778 607 ἔπος
796 553 839 599 τ’
861 551 989 611 ἔφατ’
1011 559 1058 598 ἔκ
1075 551 1116 598 τ’
1136 550 1366 610 ὀνόμαζεν·

203 623 379 682 ’Όρσεο,
408 627 688 681 Δαρδανίδη·
714 629 760 668 τί
774 642 830 668 νυ
850 622 1062 680 νήγρετον
1079 620 1223 666 ὕπνον
1243 619 1401 672 ἰαύεις;

114 694 187 737 καὶ
205 692 390 750 φράσαι,
419 699 463 737 εἴ
476 710 542 736 τοι
561 689 687 748 ὁμοίη
707 690 820 748 ε’γών
840 690 1098 747 ἰνδάλλομαι
1118 690 1243 745 εἶναι,

116 764 212 818 οἵην
233 760 287 817 δή
303 779 356 818 με
375 759 422 804 τὸ
442 763 616 818 πρῶτον
635 762 684 804 έν
702 757 972 817 ὀφθαλμοῖσι
993 757 1174 814 νόησας;

189 826 269 880 ἹΩς
283 826 395 885 φάθ’
408 841 418 850 ”
434 825 456 872 ὁ
470 825 513 872 δ’
530 830 572 882 ἐξ
583 826 740 872 ὕπνοιο
753 825 855 885 μάλ’
868 828 1095 885 ἐμμαπέως
1105 823 1367 870 ὑπάκουσεν.
1382 836 1443 870 180

117 893 173 948 ὦς
193 896 240 941 δὲ
260 900 357 941 ἴδεν
376 895 526 953 δειρήν
547 914 590 940 τε
610 897 683 940 καὶ
701 894 872 953 ὄμματα
890 893 988 939 κάλ’
1005 892 1275 952 Ἀφροδίτης,

116 964 333 1022 τάρβησέν
350 982 397 1008 τε
414 965 487 1008 καὶ
505 962 605 1008 ὅσσε
625 962 898 1021 παρακλιδὸν
917 969 1103 1020 ἔτραπεν
1122 960 1242 1021 ἄλλῃ.

116 1030 178 1084 ἂψ
199 1030 242 1077 δ’
263 1025 386 1084 αὖτις
404 1038 558 1089 χλαίνῃ
577 1050 623 1076 τε
641 1031 865 1085 καλύψατο
884 1029 994 1076 καλά
1012 1030 1236 1087 πρόσωπα,

117 1106 193 1146 καί
206 1118 282 1158 μιν
301 1099 553 1157 λισσόμενος
573 1104 678 1145 ἔπεα
697 1100 934 1157 πτερόεντα
953 1099 1201 1156 προσηύδα·

209 1165 379 1213 Αὐτίκα
399 1165 442 1212 σ’
464 1166 521 1220 ὦς
539 1167 590 1212 τὰ
610 1171 773 1225 πρῶτα,
794 1167 893 1223 θεὰ,
915 1171 1013 1212 ἴδον
1032 1165 1343 1224 ὀφθαλμοῖσιν,
1383 1177 1445 1211 185

119 1242 283 1294 ἔγνων,
313 1234 370 1288 ὡς
388 1235 494 1288 θεὸς
511 1230 650 1294 ἦσθα·
682 1235 738 1280 σύ
759 1235 802 1280 δ’
822 1234 875 1280 οὐ
893 1235 1102 1293 νημερτὲς
1122 1240 1272 1286 ἔειπες.

118 1303 227 1349 άλλά
244 1318 293 1349 σε
312 1303 420 1361 πρὸς
437 1302 577 1362 Ζηνὸς
595 1303 858 1362 γουνάζομαι
879 1303 1103 1361 αἰγιόχοιο,

118 1372 176 1430 μή
195 1391 247 1430 με
266 1370 393 1428 ζῶντ’
414 1369 634 1430 άμενηνόν
654 1374 702 1416 έν
720 1370 1024 1429 ἀνθρώποισιν
1048 1371 1178 1429 ἐάσῃς

119 1446 283 1495 ναίειν,
313 1438 412 1485 ἀλλ’
432 1437 594 1497 ἐλέαιρ’
607 1454 616 1463 ·
646 1442 738 1485 ἐπεὶ
758 1438 810 1484 οὐ
828 1439 1086 1497 βιοθάλμιος
1105 1437 1215 1496 άνὴρ

120 1514 338 1566 γίγνεται,
367 1507 465 1552 ὅστε
483 1515 611 1559 θεαῖς
636 1506 859 1563 εὐνάζεται
879 1507 1137 1566 ἀθανάτῃσι.
1353 1504 1356 1511 ’
1386 1516 1447 1550 190

227 1576 313 1621 Τὸν
334 1574 377 1621 δ’
398 1573 594 1633 ἠμείβετ’
618 1581 764 1621 ἔπειτα
784 1575 891 1628 Διὸς
909 1575 1110 1633 θυγάτηρ
1127 1573 1380 1631 Ἀφροδίτη·

119 1644 310 1702 Ἀγχίση,
337 1644 514 1689 κύδιστε
534 1648 824 1702 καταθνητῶν
843 1642 1109 1701 ἀνθρώπων,

123 1712 300 1770 θάρσει,
331 1714 444 1770 μηδέ
459 1730 499 1756 τι
519 1715 619 1769 σῇσι
644 1712 750 1769 μετὰ
769 1714 899 1770 φρεσὶ
919 1716 1083 1757 δείδιθι
1104 1716 1222 1768 λίην·

123 1778 175 1825 οὐ
193 1781 277 1837 γάρ
296 1786 366 1825 τοί
380 1799 420 1824 τι
442 1781 538 1831 δέος
557 1783 743 1826 παθέειν
762 1780 900 1825 κακὸν
919 1783 961 1834 ἐξ
982 1782 1142 1837 ἐμέθεν
1160 1797 1223 1835 γε,

123 1846 222 1894 οὐδ’
244 1848 389 1894 ἄλλων
408 1847 635 1905 μακάρων·
663 1847 785 1906 ἐπειὴ
805 1854 930 1905 φίλος
951 1849 1042 1893 ε’σσὶ
1061 1855 1217 1892 θεοῖσι.
1386 1856 1449 1891 195

124 1918 192 1961 σοὶ
213 1915 255 1961 δ’
277 1922 394 1962 ἔσται
413 1921 538 1973 φίλος
555 1914 670 1972 υίὸς,
700 1915 746 1968 ὃς
766 1919 814 1961 ἐν
841 1916 1061 1973 Τρώεσσιν
1086 1914 1248 1970 ἀνάξει,

125 1986 197 2029 καὶ
216 1988 368 2036 παῖδες
386 1987 590 2029 παίδεσσι
611 1984 844 2041 διαμπερὲς
864 1983 1164 2041 ε’κγεγάονται·

126 2056 187 2112 τῷ
206 2053 254 2097 δὲ
273 2053 346 2096 καὶ
358 2057 543 2103 ,Αἰνείας
561 2049 686 2109 ὄνομ’
708 2057 877 2097 ἔσσεται
891 2088 902 2108 ,
930 2050 1091 2097 οὕνεκά
1109 2049 1160 2110 μ’
1182 2049 1308 2094 αἰνὸν

127 2126 251 2177 ἔσχεν
270 2119 392 2177 ἅχος,
421 2122 549 2164 ἕνεκα
568 2123 730 2176 βροτοῦ
748 2118 900 2177 άνέρος
920 2125 1108 2202 ἔμπεσον
1128 2116 1256 2175 εὐνῇ·

126 2187 325 2246 άγχίθεοι
346 2188 394 2233 δε
412 2187 595 2245 μάλιστα
614 2191 906 2244 καταθνητων
924 2186 1177 2245 άνθρωπων
1383 2194 1452 2228 200

127 2254 255 2301 αἰεὶ’
231 2254 310 2312 αφ’
333 2253 540 2312 ὑμετέρης
559 2259 711 2313 γενεῆς
731 2256 844 2308 εἶδός
863 2275 908 2301 τε
929 2256 1049 2313 φυήν
1066 2274 1123 2301 τε.

129 2318 245 2382 ἦτοι
239 2342 317 2369 ιιεν
336 2323 502 2377 ξανθὸν
520 2323 782 2381 Γανυμήδεα
801 2327 976 2382 μητιέτα
997 2322 1105 2375 Ζευς
