1619 2556
441 122 522 155 VII.
555 121 805 155 ΔΙΟΝΤΣΟΣ
829 123 866 155 Η
885 121 1082 154 ΛΗΣΤΑΙ.
1380 114 1430 153 67

103 234 149 273 ἐκ
171 226 268 272 ποτ’
291 229 383 283 ἐρεῖ
400 223 536 269 αὐτοῦ
554 244 600 270 τε
619 230 775 281 φίλους
794 227 866 269 καὶ
889 225 1081 282 κτήματα
1101 225 1241 269 πάντα
1389 239 1432 271 30

101 294 178 347 οὕς
196 313 242 340 τε
264 292 572 351 κασιγνήτους,
603 294 695 337 ἐπεὶ
715 292 820 350 ἥμιν
839 298 998 349 ἔμβαλε
1020 296 1200 350 δαίμων.

195 361 272 414 Ὣς
292 360 428 406 εἰπὼν
448 361 567 405 ἱστόν
586 379 631 405 τε
651 363 724 405 καὶ
744 365 881 406 ἱστίον
900 363 1046 405 ἕλκετο
1066 360 1179 417 νηός.

104 435 345 487 ἔμπνευσεν
366 427 408 474 δ’
429 427 588 486 ἄνεμος
607 430 739 485 μέσον
760 433 916 473 ἱστίον·
945 426 1056 485 ἀμφὶ
1077 427 1119 472 δ’
1141 426 1215 484 ἄρ’
1235 427 1347 473 ὅπλα

101 498 398 543 καττάνυσαν·
426 496 533 552 τάχα
555 498 606 541 δέ
622 509 729 553 σφιν
749 499 950 553 ἐφαίνετο
969 495 1176 553 θαυματὰ
1196 502 1310 553 ἔργα.

100 566 219 618 οἶνος
236 567 317 623 μὲν
336 564 556 620 πρώτιστα
569 564 685 621 θοὴν
702 563 786 609 dvo}
804 568 887 621 νῆα
907 566 1118 620 μέλαιναν
1387 575 1431 609 35

61 635 64 637 Α
99 631 316 691 ἡδύποτος
336 631 538 689 κελάρυζ’
561 630 749 689 εὐώδης,
779 631 948 687 ὤρνυτο
970 635 995 675 δ
1004 629 1012 644 ’
1035 630 1146 688 ὀδμὴ

99 699 314 759 άμβροσίη
327 715 336 724 ·
365 700 527 751 ναύτας
548 701 595 745 δὲ
615 700 750 756 τάφος
770 700 876 756 λάβε,
896 700 1061 751 πάντας
1081 699 1267 750 ἰδόντας.

99 767 256 814 αὐτίκα
277 773 303 814 δ
309 767 318 783 ’
340 768 582 825 ἀκρότατον
601 767 719 825 παρὰ
740 771 878 813 ἱστίον
897 766 1166 824 ἐξετανύσθη

98 835 288 894 ἄμπελος
307 842 417 882 ἔνθα
437 837 508 880 καὶ
529 840 640 881 ἔνθα
653 871 663 891 ,
693 839 1053 892 κατεκρημνῶντο
1076 836 1122 879 δὲ
1143 836 1295 879 πολλοὶ

98 903 301 961 βότρυες·
330 902 441 961 ἄμφ’
463 902 584 948 ἰστὸν
604 904 650 948 δὲ
670 905 801 961 μέλας
821 905 1029 948 εἱλίσσετο
1049 902 1210 958 κισσὸς,
1385 913 1430 945 40

98 970 257 1018 ἄνθεσι
277 971 529 1029 τηλεθάων,
559 977 722 1028 χαρίεις
749 969 791 1016 δ’
812 973 881 1016 ἐπὶ
901 970 1066 1026 καρπὸς
1089 969 1267 1027 ὀρώρει·

98 1040 252 1092 πάντες
277 1041 323 1084 δὲ
345 1042 527 1097 σκαλμοὶ
546 1039 790 1095 στεφάνους
809 1044 927 1095 ἔχον·
966 1043 1010 1083 oc
1027 1040 1071 1083 δὲ
1093 1038 1276 1095 ἰδόντες,

98 1105 172 1165 νῆ’
190 1105 275 1165 ἤδη
292 1106 381 1153 τότ’
403 1113 549 1152 ἔπειτα
569 1107 841 1164 κυβερνήτην
862 1109 1065 1152 ἐκέλευον

98 1178 155 1234 γῇ
172 1176 339 1220 πελάαν
353 1190 361 1198 ·
397 1173 420 1218 ὁ
443 1174 485 1220 δ’
507 1174 591 1232 ἄρα
613 1188 691 1231 σφι
711 1181 823 1220 λέων
842 1173 984 1230 γένετ’
1005 1178 1159 1220 ἔνδοθι
1179 1172 1281 1230 νηὸς

98 1243 241 1294 δεινὸς
257 1246 308 1288 ἐπ
319 1243 328 1258 '
345 1242 596 1299 ἀκροτάτης,
609 1245 718 1300 μέγα
735 1247 761 1287 δ
769 1241 778 1257 '
795 1248 992 1300 ἔβραχεν,
1009 1246 1057 1287 ἐν
1073 1246 1098 1286 δ
1106 1240 1115 1255 ’
1129 1241 1212 1297 ἄρα
1228 1243 1363 1299 μέσσῃ
1383 1253 1426 1286 45

95 1309 257 1365 ἄρκτον
277 1314 480 1368 ἐποίησεν
496 1310 784 1367 λασιαύχενα,
815 1310 981 1368 σήματα
1002 1316 1195 1367 φαίνων·

95 1376 150 1422 ἂν
176 1377 219 1422 δ’
242 1385 341 1436 ε”στη
362 1389 574 1436 μεμαυῖα·
604 1380 716 1423 λέων
736 1382 762 1422 δ
768 1377 775 1391 ⁷
799 1380 869 1423 ἐπὶ
892 1380 1101 1436 σέλματος
1121 1377 1257 1434 ἄκρου

97 1445 244 1490 δεινὸν
263 1444 436 1503 ὑπόδρα
455 1446 584 1491 ἰδών·
621 1450 666 1489 οῖ
682 1444 724 1490 δ’
746 1451 806 1497 εἰς
826 1446 1030 1504 πρύμνην
1050 1445 1288 1503 ἐφόβηθεν,

95 1512 204 1570 ἀμφὶ
224 1514 499 1572 κυβερνήτην
525 1514 573 1558 δὲ
593 1513 817 1569 σαόφρονα
835 1514 984 1571 θυμὸν
1004 1520 1155 1571 ἔχοντα
1346 1507 1350 1514 ’

96 1587 225 1626 ἔσταν
243 1580 317 1639 ἄρ’
339 1584 643 1639 ἐκπληγέντες·
671 1580 692 1625 ὁ
714 1579 758 1625 δ’
779 1585 981 1639 ἐξαπίνης
1005 1581 1245 1638 ἐπορούσας
1381 1593 1425 1625 50

94 1648 229 1705 άρχὸν
248 1648 328 1702 ἕλ’,
361 1654 406 1694 οἵ
421 1651 468 1694 δὲ
487 1650 651 1706 θύραζε
669 1648 807 1694 κακὸν
826 1650 962 1706 μόρον
982 1650 1235 1704 ἐξαλύοντες

95 1717 252 1768 πάντες
270 1715 385 1774 ὅμως
409 1717 631 1774 πήδησαν,
664 1718 758 1761 ἐπεὶ
778 1721 895 1774 ἴδον,
925 1723 984 1769 εἰς
1003 1717 1085 1762 ἅλα
1106 1722 1221 1771 δῖαν,

97 1788 300 1841 δελφῖνες
320 1783 363 1829 δ’
386 1788 609 1842 ἐγένοντο·
646 1785 921 1842 κυβερνήτην
943 1784 985 1830 δ’
1007 1785 1185 1842 ἐλεήσας

95 1857 249 1909 ἔσχεθε
274 1858 351 1897 καί
365 1871 441 1910 μιν
460 1858 593 1910 ἔθηκε
613 1852 856 1909 πανόλβιον
876 1854 971 1897 εἶπέ
986 1872 1031 1897 τε
1052 1856 1220 1910 μῦθον·

199 1920 383 1975 Θάρσει,
415 1924 479 1965 δῖε
500 1919 665 1975 κάτωρ,
692 1923 753 1978 τῷ
779 1923 868 1980 ἐμῷ
886 1923 1170 1978 κεχαρισμένε
1188 1923 1337 1979 θυμῷ·
1380 1933 1422 1964 55

95 1989 181 2044 εἰμὶ
203 1986 244 2032 δ’
266 1986 351 2044 ἐγώ
370 1988 590 2039 Διόνυσος
612 1990 861 2045 ἐρίβρομος,
892 1987 944 2033 ὃν
967 1991 1063 2033 τέκε
1083 1988 1220 2045 μήτηρ

95 2057 292 2112 Καδμηὶς
311 2057 482 2113 Σεμέλη
502 2055 610 2106 Διὸς
630 2058 678 2100 ἐν
697 2055 893 2112 φιλότητι
914 2067 1098 2113 μιγεῖσα.

196 2127 354 2179 Χαῖρε,
385 2125 506 2175 τέκος
524 2125 720 2180 Σεμέλης
741 2122 972 2175 εὐώπιδος·
1003 2122 1107 2168 ούδέ
1127 2142 1186 2180 πῃ
1206 2128 1294 2168 ἔστι

93 2189 185 2234 σεῖό
203 2208 253 2247 γε
272 2190 522 2248 ληθόμενον
539 2190 756 2248 γλυκερὴν
774 2195 985 2248 κοσμῆσαι
1006 2189 1169 2247 ἀοιδήν.

1095 2400 1147 2435 5„
