1619 2556
510 112 572 143 IV.
606 111 688 144 ΕΙΣ
711 111 1006 144 ΑΦΡΟΔΙΤΙΙΝ.

1368 105 1414 144 41

178 219 241 273 Τῇ
262 215 308 260 δὲ
329 217 402 260 καὶ
421 213 533 273 αὐτῇ
545 215 654 266 Ζεὺς
673 213 843 272 γλυκὺν
861 219 1015 271 ἵμερον
1033 220 1192 272 ἔμβαλε
1211 222 1355 277 θυμῷ,
1376 230 1422 264 45

94 284 224 341 ἀνδρὶ
242 286 506 343 καταθνητῷ
524 283 810 341 μιχθήμεναι,
839 280 954 340 ὄφρα
973 282 1148 340 τάχιστα

95 349 198 410 μηδ’
219 349 328 408 αὐτὴ
346 353 526 408 βροτέης
547 349 674 408 εὐνῆς
693 348 966 408 ἀποεργμένη
988 357 1067 408 εἴη,

96 426 170 465 καί
186 417 284 464 ποτ’
306 418 575 477 ἐπευξαμένη
596 426 697 477 εἴπῃ
715 417 822 476 μετὰ
840 421 944 463 πᾶσι
963 425 1151 472 θεοῖσιν,

96 486 177 537 ἡδὺ
195 487 480 545 γελοιήσασα,
506 486 793 544 φιλομμειδὴς
809 484 1055 544 Ἀφροδίτη,

94 555 150 607 ὥς
173 558 228 613 ῥα
247 554 381 607 θεοὺς
402 554 604 612 συνέμιξε
624 558 924 612 καταθνητῇσι
943 556 1129 610 γυναιξὶ,

52 649 55 651 ·
93 629 169 669 καί
184 642 230 668 τε
249 622 552 681 καταθνητοὺς
576 626 686 675 υἱεῖς
706 622 836 668 τέκον
856 621 1159 678 ἀθανάτοισιν,

94 690 150 744 ὥς
169 709 215 736 τε
232 689 341 742 θεὰς
361 691 563 749 συνέμιξε
583 698 876 747 καταθνητοῖς
897 689 1161 746 ἀνθρώποις.

190 757 393 816 Ἀγχίσεω
416 763 442 803 δ
448 757 457 772 ’
481 757 566 814 ἅρα
584 761 629 803 οἱ
644 757 814 815 γλυκὺν
835 762 988 815 ἵμερον
1008 763 1167 816 ἔμβαλε
1190 763 1335 820 θυμῷ,

95 824 138 879 ὃς
156 824 248 871 τότ’
269 830 316 871 ἐν
335 825 592 882 ἀκροπόλοις
611 824 758 884 ὄρεσιν
777 825 1080 871 πολυπιδάκου
1094 826 1212 884 Ἴδης

93 896 409 952 βουκολέεσκεν
428 898 554 952 βοῦς,
583 893 713 952 δέμας
732 892 1019 939 ἀθανάτοισιν
1040 894 1199 946 ἐοικώς.

94 961 170 1007 τὸν
190 961 244 1020 δὴ
264 968 411 1007 ἔπειτα
432 965 586 1007 ἰδοῦσα
608 960 895 1019 φιλομμειδὴς
911 959 1159 1019 Ἀφροδίτη,

98 1028 291 1088 ἠράσατ’,
323 1030 546 1087 ἐκπάγλως
568 1031 614 1075 δὲ
635 1029 743 1075 κατὰ
764 1029 927 1086 φρένας
946 1034 1095 1088 ἵμερος
1115 1028 1242 1076 εἷλεν.

96 1101 138 1150 ἐς
155 1097 343 1155 Κύπρον
364 1096 406 1143 δ’
429 1100 619 1143 ἐλθοῦσα
637 1097 818 1142 θυώδεα
838 1096 946 1154 νηὸν
967 1101 1145 1143 ἔδυνεν·

96 1169 137 1218 ἐς
156 1166 337 1224 Πάφον·
366 1171 477 1211 ἔνθα
499 1168 550 1210 δέ
566 1169 610 1210 οἱ
624 1167 798 1223 τέμενος
818 1166 963 1223 βωμός
982 1184 1028 1210 τε
1045 1166 1238 1225 θυώδης.

95 1232 195 1280 ἔνθ’
216 1232 288 1292 ἥγ’
311 1237 570 1279 εἰσελθοῦσα
588 1233 732 1290 θύρας
753 1236 942 1291 ἐπέθηκε
962 1234 1166 1291 φαεινάς·

29 1351 33 1354 ,
100 1308 210 1348 ἔνθα
232 1304 283 1347 δέ
298 1321 374 1359 μιν
392 1301 575 1358 Χάριτες
595 1305 758 1346 λοῦσαν
778 1303 851 1346 καὶ
870 1312 1027 1358 χρῖσαν
1046 1304 1175 1362 ἐλαίῳ

96 1369 297 1429 ἀμβρότῳ
310 1405 319 1424 ,
332 1367 403 1414 οἷα
427 1368 561 1420 θεοὺς
581 1369 849 1426 ἐπενήνοθεν
869 1370 964 1414 αἰὲν
985 1369 1144 1422 ἐόντας.

96 1439 307 1496 ἑσσαμένη
331 1441 357 1481 δ
363 1435 372 1450 ’
397 1431 446 1481 εὖ
466 1437 608 1482 πάντα
627 1438 726 1493 περὶ
746 1441 845 1494 χροῒ
862 1441 1015 1494 εἵματα
1034 1437 1157 1491 καλά,

96 1509 243 1565 χρυσῷ
263 1511 532 1562 κοσμηθεῖσα
551 1504 838 1562 φιλομμειδὴς
854 1503 1084 1563 Ἀφροδίτη

98 1571 245 1619 σεύατ’
267 1574 337 1618 ε’πὶ
362 1578 522 1630 Τροίην
547 1570 808 1630 προλιποῦσ’
836 1571 1002 1618 εὐώδεα
1022 1573 1220 1629 Κύπρον,

97 1640 178 1694 ὕψι
197 1639 301 1699 μετὰ
321 1641 524 1698 νεφέεσσι
543 1644 662 1692 θοῶς
681 1640 935 1698 πρήσσουσα
953 1644 1180 1686 κέλευθον.

98 1708 220 1766 ’Ίδην
240 1706 280 1753 δ’
301 1711 454 1754 ἵκανεν
473 1712 764 1764 πολυπίδακα,
792 1710 954 1766 μητέρα
973 1712 1144 1767 θηρῶν·

98 1780 154 1834 βῆ
175 1775 217 1821 δ’
239 1775 340 1828 ι’θύς
359 1783 571 1833 σταθμοῖο
593 1774 654 1820 δι’
676 1775 847 1833 οὔρεος·
879 1780 923 1821 οἱ
940 1777 986 1821 δὲ
1005 1775 1098 1834 μετ’
1121 1774 1258 1833 αὐτὴν

98 1850 320 1896 σαίνοντες
340 1849 487 1888 πολιοί
500 1862 546 1888 τε
571 1843 694 1888 λύκοι
716 1850 901 1901 χαροποί
917 1862 962 1888 τε
981 1846 1166 1901 λέοντες,

98 1911 269 1970 ἀρκτοι,
296 1911 531 1967 παρδάλιές
549 1930 595 1956 τε
614 1913 720 1956 θοαὶ
739 1911 972 1968 προκάδων
992 1910 1194 1971 ἀκόρητοι

98 1977 246 2037 ἤισαν·
270 1977 296 2037 ἡ
316 1977 359 2023 δ’
382 1977 550 2035 ὁρόωσα
569 1977 676 2036 μετεὶ-
693 1980 823 2037 φρεσὶ
842 1981 1019 2036 τέρπετο
1037 1979 1199 2038 θυμὸν,

99 2049 171 2092 καὶ
189 2058 277 2099 τοῖς
297 2046 570 2103 ἐνστήθεσσι
590 2044 692 2104 βάλ’
713 2051 884 2104 ἵμερον·
909 2051 953 2092 οἱ
969 2047 1011 2091 6²
1033 2047 1120 2105 αμα
1140 2053 1298 2100 πάντες

99 2115 265 2160 σύνδυο
283 2113 543 2171 κοιμήσαντο
564 2114 670 2159 κατὰ
690 2115 913 2167 σκιόεντας
933 2116 1153 2168 ἐναύλους.

100 2181 208 2240 αὐτὴ
229 2181 271 2227 δ’
294 2185 335 2233 ἐς
354 2187 521 2233 κλισίας
541 2181 795 2239 εὐποιήτους
813 2181 1021 2239 ἀφίκανε·

98 2317 318 2379 ἀμβροσίῳ,
351 2322 452 2377 ἑανῷ
464 2352 474 2373 ,
503 2320 544 2362 τό
566 2322 614 2375 ῥά
634 2325 677 2363 οἵ
690 2326 935 2376 τεθυωμένον
955 2321 1032 2374 ἠεν.

1378 570 1422 602 50

1380 908 1422 941 55

1379 1247 1423 1281 60

1380 1449 1423 1484 64

1349 1505 1423 1552 '65

1379 1854 1423 1889 70

1379 2192 1422 2229 75

1380 2335 1423 2369 63
