1619 2556
198 430 480 480 ΟΜΗΡΟΥ
521 431 755 480 ΤΜΝΟΣ
791 433 903 481 ΕΙΣ
939 434 1340 483 ΑΠΟΛΛΩΝΑ.

748 610 781 650 Ι.

462 700 541 731 ΕΙΣ
570 699 842 733 ΑΠΟΛΛΩΝΑ
866 701 1062 735 ΔΗΛΙΟΝ.

205 793 441 850 Μνήσομαι
460 792 563 838 οὐδὲ
584 794 786 852 λάθωμαι
803 792 1069 846 ’Λπόλλωνος
1089 794 1269 851 ἑκάτοιο,

105 859 155 904 ὅν
176 878 220 904 τε
239 862 337 905 θεοὶ
356 860 464 905 κατὰ
487 865 608 919 δῶμα
629 861 737 913 Διὸς
757 865 1015 919 τρομέουσιν
1035 861 1177 907 ἰόντα·

104 932 180 973 καί
195 927 250 984 ῥά
269 926 310 972 τ’
332 926 617 974 ἀναΐσσουσιν
646 928 875 986 ἐπισχεδὸν
896 932 1143 987 ἐρχομένοιο

104 995 261 1047 πάντες
280 993 359 1053 ἐφ’
382 996 567 1053 ἑδράων,
588 995 659 1041 ὅτε
678 1001 866 1055 φαίδιμα
888 997 988 1052 τόξα
1008 1004 1201 1045 τιταίνει.

103 1062 230 1120 Λητώ
252 1067 277 1108 δ
285 1061 294 1077 '
314 1071 382 1120 οἰή
402 1071 532 1122 μίμνε
552 1067 686 1122 παραὶ
700 1067 777 1110 Διὶ
796 1065 1138 1124 τερπικεραύνῳ,
1408 1080 1429 1111 5

103 1131 129 1189 ἥ
150 1135 204 1188 ῥα
223 1131 322 1188 βιόν
341 1129 382 1175 τ’
406 1133 612 1189 ἐχάλασσε
632 1135 702 1178 καὶ
724 1133 893 1190 ἐκλήισε
914 1135 1149 1191 φαρέτρην,

102 1205 179 1245 καί
194 1201 238 1244 οἱ
253 1197 329 1243 ἀπ’
351 1204 551 1257 ἰφθίμων
571 1200 701 1258 ὤμων
721 1207 940 1258 χείρεσσιν
959 1204 1114 1246 ἑλοῦσα

102 1266 227 1321 τόξον
246 1265 512 1326 ἀνεκρέμασε
533 1268 640 1324 πρὸς
659 1275 786 1314 κίονα
807 1269 968 1327 πατρὸς
988 1271 1074 1314 ἑοῖο

102 1333 325 1380 πασσάλου
344 1338 390 1380 ἐκ
411 1338 618 1393 χρυσέου’
641 1336 719 1380 τὸν
740 1335 783 1381 δ’
805 1343 865 1388 εἰς
883 1336 1051 1395 θρόνον
1070 1335 1187 1382 εἷσεν
1206 1335 1384 1394 ἄγουσα.

102 1406 162 1463 τῷ
183 1401 224 1447 δ’
245 1401 328 1459 ἄρα
348 1405 505 1461 νέκταρ
527 1408 660 1449 ἔδωκε
683 1403 823 1462 πατὴρ
846 1407 976 1450 δέπαι·
993 1409 1180 1464 χρυσείῳ
1386 1417 1427 1448 10

102 1470 386 1528 δεικνύμενος
404 1477 535 1527 φίλον
560 1471 679 1517 υἱόν·
712 1478 858 1517 ἔπειτα
880 1474 927 1518 δὲ
950 1477 1152 1530 δαίμονες
1171 1471 1291 1516 ἄλλοι
1337 1506 1341 1512 .

102 1544 212 1584 ἔνθα
231 1544 507 1593 καθίζουσιν·
537 1545 676 1597 χαίρει
698 1543 749 1585 δέ
764 1559 809 1584 τε
829 1539 984 1585 πότνια
1004 1539 1144 1597 Λητώ,

102 1605 260 1652 οὕνεκα
279 1606 518 1664 τοξοφόρον
536 1610 609 1652 καὶ
628 1607 839 1664 καρτερὸν
857 1607 956 1653 υἱὸν
975 1613 1152 1653 ἔτικτεν.

201 1677 302 1726 Πῶς
321 1671 353 1718 τ’
373 1673 427 1729 ἑὲρ
446 1673 489 1718 σ’
510 1673 688 1732 ὑμνήσω
708 1675 880 1728 πάντως
901 1674 1093 1733 εὔυμνον
1113 1676 1259 1724 ἐόντας
1387 1686 1425 1720 19

210 1795 347 1844 Χαῖρε,
364 1790 530 1862 μακαιρ’
551 1785 580 1833 ὦ
602 1800 741 1864 Λητοῖ,
764 1795 844 1834 ἐπεὶ
863 1796 968 1843 τέκες
987 1791 1110 1847 αγλαα
1128 1795 1255 1835 τέκνα.
1385 1803 1424 1836 14

96 1844 320 1913 Ἀ’πόλλωνά
342 1846 375 1888 τ’
399 1845 548 1889 α’νακτα
569 1849 633 1889 καὶ
644 1847 826 1901 ’Ἁρτεμιν
847 1850 1057 1902 ἰοχέαιραν
1384 1861 1423 1892 15

99 1898 194 1955 τὴν
190 1903 260 1944 ιιὲν
280 1903 321 1943 ἐν
339 1901 534 1971 Ὀρτυγίῃ,
556 1901 624 1945 τὸν
645 1904 686 1945 δὲ
706 1908 868 1976 κραναῇ
881 1906 938 1946 ε’νὶ
963 1903 1092 1961 Δήλω,

99 1959 306 2024 κεκλιμένη
324 1956 421 2011 πρὸς
440 1956 600 2026 μακρὸν
610 1957 699 2009 ὅρος
719 1961 785 2000 καὶ
807 1959 988 2001 Κύνθιον
1009 1959 1144 2013 ὄχθον,

97 2010 294 2067 ἀγχοτάτω
314 2017 511 2067 φοίνικος,
540 2010 600 2056 ἐπ’
620 2013 794 2057 Ἰνωποῖο
816 2017 1003 2070 ρεέθροις.

100 2102 236 2169 πάντη
244 2119 330 2173 γαρ
340 2119 411 2154 τοι,
435 2106 571 2158 Φοῖβε,
596 2104 705 2157 νόμοι
726 2102 936 2172 βεβλήαται
958 2102 1073 2171 ᾠδῆς)
1379 2114 1421 2146 20

102 2153 198 2210 ἠμὲν
217 2153 284 2199 αν’
304 2155 468 2213 ἤπειρον
491 2159 752 2213 πορτιτρόφον
773 2155 836 2211 ἠδ’
860 2156 936 2201 ἀνα
957 2158 1110 2212 νήσους

99 2227 217 2255 ,πασαι
239 2215 279 2256 δὲ
298 2217 460 2256 σκοπιαί
474 2232 531 2256 τοι
552 2214 648 2257 ἅδον
669 2216 734 2255 καὶ
755 2231 929 2270 πρωονες
948 2214 1062 2269 ἅκροι

98 2265 303 2334 ὖψηλῶν’
286 2271 406 2335 ορέων
425 2274 592 2324 ποταμοί
607 2267 653 2312 θ’
678 2268 796 2312 αλαδε
816 2272 1054 2337 προρέοντες,

96 2319 264 2365 ἆκταί’
230 2342 250 2366 τ
285 2327 338 2374 εἰς
358 2322 433 2366 ἅλα
453 2327 673 2378 κεκλιμέναι
695 2327 840 2379 λιμένες
858 2344 898 2368 τε
918 2325 1125 2379 θαλασσης.

1100 2400 1147 2433 1*
