1619 2556
453 107 480 136 1.
514 104 593 136 ΕΙΣ
619 103 890 136 ΑΙΙΟΑΛΩΝΑ
913 104 1109 136 ΔΗΛΙΟΝ.
1415 97 1437 134 7

119 212 165 253 ἐκ
187 207 229 253 δ’
251 214 378 265 ἔθορε
397 208 480 264 πρὸ
506 208 700 263 φόωσδε·
727 209 830 251 θεαὶ
851 205 893 250 δ’
913 206 1125 261 ὀλόλυξαν
1150 207 1324 255 ἅπασαι.

211 275 348 320 Ἐνθα
367 279 437 331 σε’,
465 274 532 332 ἤιε
555 279 711 332 Φοῖβε.
740 276 843 318 θεαὶ
866 274 968 319 λόον
987 274 1114 319 ὕδατι
1133 281 1253 336 καλῷ
1376 292 1438 324 120

116 342 258 401 ἁγνῶς
277 346 349 388 καὶ
368 347 596 399 καθαρως,
626 342 823 397 σπάρξαν
843 340 884 386 δ’
908 345 955 386 ἐν
974 343 1109 423 φάρει·
1124 349 1280 404 λευκῷ,

117 415 283 471 λεπτῷ,
311 413 530 469 νηγατέῳ·
559 411 658 466 περὶ
679 411 724 454 δὲ
744 410 929 466 χρύσεον
949 411 1141 492 στρόφον
1159 413 1282 468 ἧκαν.

116 477 218 524 οὐδ’
239 477 312 535 ἀρ’
331 477 579 523 Ἀπόλλωνα
598 477 818 535 χρυσάορα
839 477 1004 534 θήσατο
1025 479 1177 535 μήτηρ,

115 545 224 591 άλλὰ
245 548 376 604 Θέμις
394 549 552 602 νέκταρ
573 565 618 590 τε
638 547 712 590 καὶ
729 543 973 602 ἀμβροσίην
993 546 1221 604 ἐρατεινὴν

48 640 52 642 ἡ
117 613 354 665 ἀθανάτοις
372 620 588 671 χείλεσσιν
607 614 838 671 ἐπήρξατο·
875 625 997 670 χαῖρε
1019 615 1064 659 δὲ
1084 614 1226 671 Λητώ,
1380 629 1439 661 125

117 681 278 726 οὕνεκα
297 682 535 738 τοξοφόρον
554 683 626 726 καὶ
644 679 857 738 καρτερὸν
876 680 974 725 υἱὸν
994 687 1170 726 ἔτικτεν.

219 748 369 806 Αὐτὰρ
389 748 540 806 ἐπειδὴ
554 785 563 803 ,
597 755 751 805 Φοῖβε,
773 751 992 806 κατέβρως
1012 748 1231 807 ἄμβροτον
1251 751 1387 808 εἶδαρ.

117 817 169 862 οὔ
188 821 239 863 σε’
254 816 297 874 γ’
318 815 456 862 ἔπειτ’
479 824 600 873 ἴσχον
620 818 794 874 χρύσεοι
814 817 994 873 στρόφοι
1014 815 1296 874 ἀσπαίροντα,

117 883 216 930 οὐδ’
237 890 298 930 ε”τι
321 884 456 943 δεσμά
475 882 517 929 σ’
539 890 688 941 ἔρυκε,
716 883 871 928 λύοντο
893 885 940 929 δὲ
960 891 1143 941 πείρατα
1162 886 1314 931 πάντα.

118 952 273 998 αὐτίκα
295 951 335 997 δ’
357 952 603 1009 ἀθανάτῃσι
626 951 817 1009 μετηύδα
838 958 1000 1009 Φοῖβος
1017 952 1255 997 Ἀπόλλων·
1379 966 1440 1000 130

222 1026 301 1078 Εῐη
318 1039 391 1078 μοι
410 1026 586 1076 κίθαρίς
604 1039 648 1064 τε
668 1025 773 1076 φίλη
793 1022 864 1064 καὶ
884 1020 1088 1078 καμπύλα
1109 1020 1221 1076 τόξα,
1488 1016 1490 1019 ’

119 1088 259 1145 χρήσω
282 1086 323 1132 δ’
346 1086 621 1144 ἀνθρώποισι
640 1087 746 1139 Διὸς
764 1089 1172 1146 νημερτέαβουλήν,

209 1154 286 1208 Ὡς
307 1155 442 1200 εἰπών
462 1159 695 1213 ἐβίβασκεν
718 1158 788 1200 ἐπὶ
807 1154 966 1212 χθονὸς
986 1155 1239 1214 εὐρυοδείης

121 1229 280 1280 Φοῖβος
298 1222 612 1280 ἀκερσεκόμης,
642 1223 921 1280 ἑκατηβόλος·
942 1227 990 1267 αἱ
1008 1223 1045 1267 δ’
1067 1224 1151 1279 ἄρα
1171 1228 1304 1268 πᾶσαι

119 1292 316 1349 θάμβεον
333 1290 574 1352 ἀθάναται·
596 1295 744 1349 χρυσῷ
765 1289 804 1335 δ’
825 1289 909 1347 ἄρα
929 1294 1073 1347 Δῆλος
1093 1290 1237 1336 ἅπασα
1378 1304 1438 1337 135

120 1357 296 1417 ἤνθησ’,
328 1356 383 1410 ὡς
405 1358 475 1403 ὅτε
494 1378 535 1403 τι
558 1362 654 1416 ῥίον
672 1357 823 1416 οὔρεος
840 1358 1026 1403 ἄνθεσιν
1045 1358 1162 1416 ὕλης.
1380 1370 1439 1404 139

220 1425 360 1478 Αύτὸς
379 1425 438 1482 δ’,
458 1424 718 1483 ἀργυρότοξε
734 1425 840 1480 ἅναξ
853 1462 862 1479 ,
886 1425 1354 1483 ἑκατηβόλ”Ἁπολλον,
1377 1440 1440 1471 140

118 1494 270 1539 ἄλλοτε
289 1496 370 1552 μέν
387 1492 428 1538 τ’
450 1495 521 1539 ἐπὶ
540 1494 728 1539 Κύνθου
749 1494 907 1551 ἐβήσαο
927 1494 1256 1550 παιπαλόεντος,

119 1561 269 1607 ἄλλοτε
291 1559 334 1606 δ’
354 1556 413 1606 αὖ
431 1562 590 1618 νήσους
610 1581 655 1606 τε
674 1564 746 1607 καὶ
771 1561 929 1617 ἀνέρας
948 1560 1193 1619 ἠλάσκαζες.

119 1636 274 1675 πολλοί
287 1647 352 1674 τοι
370 1635 472 1686 νηοί
487 1648 532 1674 τε
551 1631 624 1674 καὶ
641 1627 773 1675 ὄῖλσεα
793 1629 1059 1686 δενδρήεντα
1072 1643 1081 1652 ·

120 1701 253 1742 πᾶσαι
275 1697 321 1741 δὲ
340 1702 522 1742 σκοπιαί
540 1716 585 1742 τε
606 1703 729 1754 φίλαι
749 1699 820 1742 καὶ
836 1697 1030 1753 πρώονες
1048 1696 1173 1753 ἄκροι

119 1763 300 1822 ὑψηλῶν
317 1763 476 1822 ὀρέων,
506 1771 692 1822 ποταμοί
705 1763 755 1810 θ’
778 1763 912 1809 ἅλαδε
932 1767 1210 1821 προρέοντες·
1378 1778 1440 1811 145

120 1832 228 1878 ἀλλὰ
247 1832 302 1876 σύ
320 1832 453 1892 Δήλῳ
466 1868 475 1885 ,
509 1838 663 1889 Φοῖβε,
693 1830 865 1890 μάλιστ’
888 1834 1135 1889 ἐπιτέρπεαι
1154 1826 1271 1890 ἦτορ,

120 1906 231 1946 ἔνθα
248 1918 314 1945 τοι
332 1902 607 1957 ἑλκεχίτωνες
623 1897 777 1951 Ἰάονες
796 1898 1082 1957 ἠγερέθονται

119 1966 265 2019 αὐτοῖς
284 1966 368 2012 σὺν
385 1971 587 2012 παίδεσσι
607 1969 678 2012 καὶ
697 1971 864 2024 αἰδοίῃς
883 1965 1115 2024 ἀλόχοισιν.

120 2039 165 2079 οἱ
181 2037 231 2080 δέ
246 2049 294 2080 σε
313 2041 535 2093 πυγμαχίῃ
556 2053 601 2079 τε
619 2037 692 2079 καὶ
710 2033 920 2093 ὀρχηθμῷ
938 2036 1009 2079 καὶ
1029 2034 1158 2093 ἀοιδῇ

119 2103 385 2160 μνησάμενοι
404 2105 658 2158 τέρπουσιν.
690 2101 794 2146 ὅταν
813 2102 1054 2159 στήσωνται
1078 2101 1238 2159 ἀγῶνα.
1381 2116 1442 2148 150

120 2199 316 2250 βεβρίθει,
351 2201 560 2250 καθορῶσα
586 2195 679 2246 Διὸς
702 2201 859 2249 Λητοῦς
880 2213 918 2238 τε
940 2199 1144 2251 γενέθλην,
1380 2209 1441 2242 136

121 2252 345 2322 γηθοσύνῃ,
375 2253 432 2294 ότι
453 2271 520 2305 μιν
539 2249 631 2301 θεὸς
653 2255 773 2293 εἵλετο
793 2255 894 2294 οἰκία
914 2255 1061 2294 θέσθαι

124 2321 248 2360 νησων
268 2306 427 2358 ἠπείρου
448 2325 506 2359 τε,
534 2313 669 2360 φίλησε
693 2309 732 2349 δὲ
755 2306 897 2360 κηρόθι
919 2313 1074 2359 μᾶλλον
