1619 2556
522 104 585 135 1v.
619 104 699 136 ΕΙΣ
725 103 1019 137 ΑΦΡΟΔΙΤΗΝ.
1383 99 1434 138 43

219 206 306 251 Τὸν
326 206 370 252 δ’
391 205 583 264 ἠμείβετ’
605 212 751 251 ἔπειτα
772 207 879 259 Διὸς
898 209 1098 266 θυγάτηρ
1117 209 1369 270 Ἀφροδίτη·

105 271 300 332 Ἀγχιση,
329 274 505 320 κύδιστε
524 278 824 332 χαμαιγενέων
843 274 1108 333 ἀνθρώπων,

110 341 227 394 οὔτις
246 361 310 387 τοι
331 343 435 394 θεός
455 348 561 400 εἰμι·
590 349 635 387 τί
648 341 694 399 μ’
717 342 992 401 ἀθανάτῃσιν
1011 348 1189 398 ἐίσκεις;

110 409 218 454 ἀλλὰ
237 411 489 468 καταθνητή
509 429 554 455 τε
567 446 577 465 ,
610 411 722 468 γυνὴ
744 415 795 457 δέ
809 429 862 469 με
881 418 1057 469 γείνατο
1075 414 1225 472 μήτηρ.
1375 428 1436 461 110

108 476 277 533 Ὀτρεὺς
298 483 323 522 δ
332 477 341 492 '
363 481 452 523 ἐστὶ
471 478 610 536 πατὴρ
632 477 768 536 ὄνομα
787 479 964 536 κλυτὸς,
997 488 1123 526 εἵπου
1146 481 1331 535 ἀκούεις.

109 544 155 597 ὃς
174 546 312 604 πάσης
334 552 529 604 Φρυγίης
551 545 811 604 εὐτειχήτοιο
832 546 1024 593 ἀνάσσει.

57 641 60 643 Δ
109 616 311 671 γλῶσσαν
333 613 375 659 δ’
396 613 611 672 ὑμετέρην
630 617 702 659 καὶ
722 613 934 673 ἡμετέρην
953 617 1072 674 σάφα
1091 618 1201 662 οἶδα.

116 681 265 738 Τρωόις
285 683 367 740 γὰρ
386 683 588 742 μεγάρω
582 701 633 727 ιιε
656 683 815 740 τροφὸς
836 687 1016 740 τρέφεν
1043 683 1069 742 ἡ
1091 686 1137 730 δε
1159 686 1316 743 διαπρο

109 750 296 832 σμικρὴν
314 750 436 796 παῖδ’
458 750 679 804 ἀτίταλλε,
709 757 838 809 φίλης
856 752 974 808 παρὰ
993 752 1152 810 μητρὸς
1171 757 1339 800 ἑλοῦσα.
1375 769 1436 800 115

110 816 166 869 ὡς
187 816 231 862 δ’
256 818 348 876 ἤτοι
374 819 575 875 γλῶσσάν
594 837 642 875 γε
662 821 734 863 καὶ
753 817 967 877 ὑμετέρην
987 822 1036 864 εύ
1056 821 1166 867 οἶδα.

109 889 192 930 νῦν
212 889 264 931 δέ
277 907 306 944 μ
316 886 564 945 ἀνήρπαξε
583 887 878 944 χρυσόρραπις
895 887 1200 947 Ἀργειφόντης

109 957 156 999 ἐκ
174 959 307 1011 χοροῦ
324 954 568 1012 Ἀρτέμιδος
588 956 918 1013 χρυσηλακάτου
938 961 1191 1015 κελαδεινῆς

109 1025 265 1067 πολλαὶ
285 1024 330 1067 δὲ
356 1024 526 1080 νύμφαι
545 1025 617 1068 καὶ
637 1026 852 1080 παρθένοι
872 1023 1150 1082 ἀλφεσίβοιαι

108 1096 334 1148 παίζομεν,
366 1090 477 1148 ἀμφὶ
498 1095 523 1135 δ
530 1089 539 1105 ’
561 1090 707 1149 ὅμιλος
726 1089 945 1148 ἀπείριτος
965 1093 1261 1150 ἐστεφάνωτο·
1372 1108 1436 1140 120

109 1163 241 1203 ἔνθεν
262 1157 310 1216 μ’
331 1157 494 1216 ἥρπαξε
513 1159 807 1216 χρυσόρραπις
825 1159 1150 1219 Ἀργειφόντης·

108 1225 245 1271 πολλὰ
267 1225 311 1271 δ’
332 1226 401 1272 ἔπ’
422 1227 587 1284 ἤγαγεν
612 1233 717 1284 ἔργα
736 1233 1028 1286 καταθνητῶν
1047 1227 1312 1286 ἀνθρώπων.

108 1294 273 1352 πολλὴν
293 1293 335 1339 δ’
356 1294 547 1353 ἄκληρόν
565 1315 610 1340 τε
630 1298 702 1340 καὶ
721 1294 917 1351 ἄκτιτον,
944 1295 999 1354 ἣν
1020 1297 1091 1342 διὰ
1109 1301 1244 1356 θῆρες

109 1360 332 1419 ὠμοφάγοι
353 1367 536 1419 φοιτῶσι
555 1362 662 1408 κατὰ
682 1363 905 1416 σκιόεντας
927 1365 1159 1417 ἐναύλους·

108 1428 211 1475 οὐδὲ
231 1432 332 1475 ποσὶ
351 1432 512 1482 ψαύειν
532 1432 717 1476 ἐδόκουν
736 1433 946 1488 φυσιζόου
965 1441 1062 1490 αἰής
1075 1447 1084 1455 ·
1374 1447 1434 1480 125

105 1497 307 1554 Ἀγχίσεω
329 1501 381 1544 δέ
396 1518 448 1556 με
467 1499 608 1556 φάσκε
629 1502 763 1556 παραὶ
783 1503 953 1557 λέχεσιν
972 1504 1209 1546 καλέεσθαι

107 1569 335 1624 κουριδίην
354 1566 532 1624 α’λοχον,
561 1569 629 1612 σοὶ
651 1566 692 1612 δ’
712 1565 850 1624 ἀγλαα
872 1571 1001 1614 τέκνα
1021 1577 1257 1614 τεκεῖσθαι.

107 1632 244 1690 αύταρ
266 1633 415 1692 ἐπειδὴ
437 1639 550 1689 δεῖξε
569 1637 642 1680 καὶ
667 1641 878 1692 ἔφρασεν,
906 1630 999 1693 ἦτοι
1020 1635 1089 1694 ὅγ’
1111 1631 1233 1689 αὖτις

106 1700 344 1746 ἀθανάτων
364 1703 469 1759 μετὰ
493 1702 601 1759 φυλ’
622 1701 762 1760 ἀπέβη
782 1703 943 1759 κρατὺς
959 1704 1284 1762 Ἀργειφόντης·

106 1767 243 1825 αὐτὰρ
265 1770 348 1827 ε’γω’
367 1769 412 1814 σ’
434 1772 601 1828 ἱκόμην,
623 1771 810 1828 κρατερὴ
831 1775 882 1818 δέ
898 1790 969 1829 μοι
990 1771 1135 1818 ἔπλετ’
1156 1771 1335 1832 ἀνάγκη.
1371 1786 1434 1820 130

106 1835 214 1881 ἀλλά
234 1852 282 1882 σε
302 1837 408 1895 πρὸς
426 1838 565 1896 Ζηνὸς
584 1839 845 1896 γουνάζομαι
865 1838 941 1897 ἠδὲ
960 1841 1128 1897 τοκήων

107 1908 302 1949 ε’σθλῶν·
329 1904 382 1950 ού
401 1907 481 1964 μὲν
499 1907 582 1964 γάρ
602 1925 647 1951 τε
667 1909 792 1952 κακοὶ
812 1908 982 1953 τοῖόνδε
1002 1911 1190 1954 τέκοιεν·

107 1971 302 2030 ἀδμήτην
321 1972 370 2032 μ’
391 1973 570 2031 ἀγαγών
590 1976 661 2019 καὶ
682 1973 920 2033 ἀπειρήτην
939 1976 1167 2034 φιλότητος

107 2047 241 2097 πατρί
254 2060 300 2086 τε
319 2045 382 2101 σῷ
402 2046 546 2097 δεῖξον
565 2045 637 2087 καὶ
656 2045 806 2100 μητέρι
826 2041 947 2088 κέδν’
969 2048 1124 2102 εἰδυίῃ,

107 2120 198 2160 σοῖς
216 2127 262 2153 τε
281 2111 649 2168 κασιγνήτοις,οί
665 2129 731 2155 τοι
751 2109 917 2168 ὁμόθεν
934 2112 1163 2169 γεγάασιν
1372 2126 1432 2160 135

108 2184 150 2222 εἰ
163 2193 271 2233 σφιν
289 2175 480 2236 ἀεικελίη
499 2178 603 2230 νυὸς
624 2183 821 2236 ἔσσομαι,
848 2178 895 2236 ήε
916 2199 988 2224 και
1006 2178 1115 2225 ούκί.

107 2246 270 2301 πέμψαι
293 2244 335 2289 δ
358 2243 545 2303 ἀγγελον
565 2248 654 2291 uiua
673 2247 779 2304 μετὰ
801 2247 978 2303 Φρύγας
998 2250 1308 2301 αἰολοπώλους,

106 2316 249 2357 εἰπεῖν
268 2320 402 2369 πατρί
418 2314 456 2359 τ’
481 2319 570 2376 ἐμω
588 2317 658 2360 καὶ
681 2318 830 2373 μητέρι
851 2319 1069 2374 κηδομένῃ
1088 2330 1190 2373 περ·
