1619 2556
451 106 951 140 BATPAXOMYOMAXIA.
1315 99 1364 141 97

43 218 254 269 κνημῖδας
272 210 352 267 μὲν
371 214 544 267 πρῶτον
565 210 818 269 ἐφήρμοσαν
839 215 899 262 εἰς
918 210 999 256 δύο
1018 216 1172 268 μοίρας
1306 224 1370 258 124

43 279 249 337 ῥήξαντες
267 278 459 335 κυάμους
477 278 693 335 χλωροὺς,
724 278 889 336 κνήμας
910 276 952 323 δ’
974 278 1232 335 ἐκάλυπτον,
1308 292 1369 325 125

41 345 117 398 οὓς
135 344 259 391 αὐτοὶ
278 345 350 390 διὰ
371 345 526 397 νυκτὸς
547 346 797 398 ἐπιστάντες
816 348 1100 402 κατέτρωξαν.

40 414 246 472 θώρηκας
267 412 309 457 δ’
332 413 448 471 εἶχον
467 416 832 471 καλαμοστεφέων
850 412 934 458 άπὸ
952 418 1144 471 βυρσῶν,

42 481 118 534 οὓς
136 484 297 539 γαλέην
317 485 539 538 δείραντες
559 484 853 539 ἐπισταμένως
878 484 1100 538 ἐποίησαν.

41 549 168 601 ἀσπὶς
189 547 231 594 δ’
252 544 306 606 ἦν
325 549 487 607 λύχνου
504 548 551 594 τὸ
571 549 870 607 μεσόμφαλον·
898 547 923 607 ἡ
944 552 995 593 δέ
1009 569 1066 594 νυ
1085 550 1216 608 λόγχη

43 617 242 675 εὐμήκεις
261 617 460 674 βελόναι,
481 618 756 674 παγχάλκεον
776 623 905 675 ἔργον
922 616 1099 675 ’Ἀρηος·
1307 631 1370 664 130

42 684 68 743 ἡ
89 685 135 730 δὲ
154 684 285 741 κόρυς
304 684 351 728 τὸ
371 687 561 743 λέπυρον
581 687 651 730 ἐπὶ
670 685 903 741 κροτάφοις
924 687 1173 742 ἐρεβίνθου.

141 751 269 797 Οὕτω
287 753 368 810 μὲν
386 753 491 810 μύες
509 748 620 809 ἦσαν
641 756 688 798 ἐν
707 752 877 805 ὅπλοις·
906 750 962 804 ὡς
984 751 1025 797 δ’
1049 754 1236 810 ἐνόησαν

42 821 271 878 βάτραχοι,
302 822 568 875 ἐξανέδυσαν
588 819 669 877 ἀφ’
689 820 870 875 ὕδατος,
903 823 945 872 ἐς
967 819 1009 865 δ’
1030 824 1106 866 ἕνα
1126 826 1268 879 χῶρον

44 888 249 940 ἐλθόντες
267 888 433 946 βουλὴν
458 889 647 946 ξύναγον
666 892 870 946 πολέμοιο
889 899 1051 933 κακοῖο.

43 958 348 1014 σκεπτομένων
364 960 388 1001 ὃ
396 955 405 971 ’
424 956 584 1008 αὐτῶν,
601 957 741 1001 πόθεν
755 955 779 1013 ἡ
792 957 952 1009 στάσις,
973 954 1000 1014 ἢ
1014 962 1078 1008 τίς
1090 954 1113 1001 ὁ
1125 958 1281 1015 θυμός,
1308 969 1370 1003 135

43 1028 175 1081 κῆρυξ
197 1024 389 1081 ἐγγύθεν
408 1019 517 1081 ἦλθε
537 1027 685 1081 φέρων
706 1026 873 1081 ῥάβδον
893 1023 999 1081 μετὰ
1021 1027 1183 1081 χερσὶν,

48 1092 339 1149 Τυρογλύφου
357 1092 450 1144 υίὸς
468 1093 756 1150 μεγαλήτορος
774 1092 1120 1151 Εμβασίχυτρος,

43 1158 266 1217 ἀγγέλλων
285 1163 488 1218 πολέμοιο
508 1160 648 1218 κακὴν
666 1161 822 1218 φάτιν,
852 1162 949 1205 εἰπέ
964 1179 1009 1204 τε
1029 1172 1146 1206 τοῖα·

137 1223 189 1272 Ὦ
208 1228 438 1309 βάτραχοι,
470 1228 575 1286 μύες
594 1228 731 1286 ἴμμιν
749 1227 1061 1286 ἀπειλήσαντες
1082 1234 1281 1286 ἔπεμψαν

43 1301 182 1341 εἰπεῖν
202 1293 455 1351 ὁπλίζεσθαι
475 1298 545 1344 ἐπὶ
564 1297 782 1354 πτόλεμόν
799 1316 845 1341 τε
864 1296 1006 1354 μάχην
1025 1315 1081 1340 τε.
1309 1308 1372 1341 140

44 1363 163 1408 εἶδον
181 1363 263 1420 γὰρ
284 1362 391 1409 καθ’
412 1363 534 1421 ὕδωρ
560 1364 845 1422 Ψιχάρπαγα,
874 1363 1009 1420 ὅνπερ
1031 1370 1223 1421 ἔπεφνεν

41 1429 246 1489 ὑμέτερος
265 1431 471 1489 βασιλεὺς
492 1438 788 1489 Φυσίγναθος.
832 1431 942 1477 ἀλλὰ
960 1433 1169 1490 μάχεσθε,

43 1503 202 1552 οἵτινες
221 1502 269 1545 ἐν
289 1500 570 1557 βατράχοισιν
590 1499 790 1558 ἀριστῆες
808 1500 1041 1557 γεγάασθε.

134 1566 217 1620 ‘2529
236 1567 371 1613 εἰπών
390 1566 608 1626 ἀπέφηνε·
636 1569 761 1626 λόγος
783 1566 825 1614 δ’
849 1574 909 1620 εἰς
929 1566 1053 1613 οὔατ’
1074 1566 1260 1624 άμύμων

44 1636 221 1681 εἰσελθ
195 1655 257 1680 ων
277 1635 452 1692 ἐτάραξε
472 1639 636 1693 φρένας
656 1637 886 1694 βατράχων
906 1635 1162 1693 άγερωχων·
1312 1647 1373 1680 145

43 1705 333 1761 μεμφομένων
354 1702 397 1748 δ’
419 1703 565 1749 αὐτων
586 1710 869 1762 Φυσίγναθος
889 1705 1009 1750 εἶπεν
1029 1702 1218 1755 ἀναστάς

139 1765 189 1816 Ὦ
208 1778 348 1828 φίλοι,
378 1770 458 1816 οὐκ
478 1778 673 1818 ἔκτεινον
693 1772 776 1830 ἐγώ
796 1776 904 1830 μῦν,
933 1770 1037 1817 οὐδε
1057 1775 1262 1817 κατεῖδον

42 1837 306 1897 ὀλλύμενον·
334 1839 507 1891 πάντως
528 1838 571 1885 δ’
594 1843 748 1897 ἐπνίγη
768 1846 932 1896 παίζων
950 1839 1068 1897 παρὰ
1087 1845 1260 1897 λίμνην,

45 1907 186 1964 νήξεις
206 1907 281 1960 τὰς
300 1907 531 1965 βατράχων
549 1908 836 1966 μιμούμενος·
865 1912 911 1953 οῖ
927 1908 973 1953 δὲ
993 1907 1190 1952 κάκιστοι

44 1978 126 2020 νῦν
147 1976 219 2032 ἐμὲ
238 1978 482 2033 μέμφονται
503 1975 579 2020 τὸν
599 1974 817 2021 ἀναίτιον·
844 1974 941 2020 ἀλλ’
962 1974 1040 2033 ἅγε
1060 1974 1226 2032 βουλὴν
1309 1987 1374 2020 150

43 2043 290 2102 ζητήσωμεν
303 2079 313 2096 ,
331 2042 460 2096 ,ὅπως
481 2048 652 2096 δολίους
671 2043 782 2101 μύας
802 2046 1076 2101 ἐξολέσωμεν.

44 2110 192 2167 τοιγὰρ
213 2110 326 2168 ἐγών
346 2111 452 2168 ἐρέω
465 2147 473 2163 ,
505 2111 562 2163 ὥς
580 2130 651 2169 μοι
674 2116 795 2157 δοκεῖ
816 2112 926 2157 εἶναι
946 2110 1113 2166 ἄριστα.

44 2178 220 2237 σώματα
240 2179 536 2236 κοσμήσαντες
556 2183 602 2223 ἐν
622 2178 771 2231 ὅπλοις
789 2183 959 2236 στῶμεν
978 2178 1167 2229 ἅπαντες

46 2320 110 2360 καὶ
131 2316 221 2368 τοὺς
247 2321 316 2368 μέν
341 2316 377 2371 ῤ’
406 2319 612 2376 ἐκόρυσσεν
631 2318 749 2372 ’Ἀρης
772 2321 952 2369 πολέμοιο
975 2316 1167 2371 μεμηλώς·
1311 2326 1377 2361 123

113 2389 264 2422 Honm
288 2390 427 2423 Hvunx.
1080 2388 1103 2424 7
