1619 2556
0 19 8 51 1

9 217 32 234 n

0 108 31 334 k
433 115 474 147 v.
512 114 593 147 ΕΙΣ
618 112 897 145 ΔΗΜΗΤΡΑΝ.
1278 100 1330 140 53

33 225 173 264 λυθον
195 217 274 263 οὐκ
298 220 533 273 ἐθέλουσα,
563 223 636 275 βίῃ
659 214 703 260 δ’
726 213 943 260 ἀέκουσαν
963 212 1131 272 άνάγκῃ

10 286 162 345 ”νδρες
182 289 405 345 ληιστῆρες
425 284 664 344 άπήγαγον.
719 286 763 328 οἱ
777 283 857 340 μὲν
877 288 1024 328 ἔπειτα
1271 292 1332 326 125

5 359 81 413 νηῒ
95 358 185 413 θοῇ
204 353 443 412 Θορικόνδε
462 356 750 410 κατέσχεθον,
782 356 892 395 ἔνθα
911 362 1116 408 γυναῖκες

5 421 186 480 ἠπείρου
206 423 424 480 ἐπέβησαν
444 420 616 472 ἀολλέες
631 456 640 472 ,
670 417 746 476 ἠδὲ
766 420 838 463 καὶ
858 417 1002 463 αὐτοί·

8 494 160 536 δεῖπον
181 488 223 535 δ’
243 488 481 548 ἠρτύνοντο
502 488 618 546 παρὰ
637 486 887 544 πρυμνήσια
908 485 1032 544 νηός“

6 556 102 603 ἀλλ’
125 559 217 617 ἐμοὶ
236 555 288 603 οὐ
309 558 488 614 δόρποιο
507 563 770 615 μελίφρονος
791 553 924 612 ἤρατο
943 554 1106 612 θυμός·

7 626 150 684 λάθρη
171 624 216 672 δ’
239 623 482 684 ὁρμηθεῖσα
504 624 566 671 δι’
586 623 781 683 ἠπείροιο
801 629 1020 681 μελαίνης,
1274 632 1334 667 130

7 697 175 752 φεῦγον
195 692 494 752 ὑπερφιάλους
513 693 786 752 σημάντορας
799 727 809 743 ,
838 690 955 749 ὄφρα
975 709 1024 736 κε
1043 689 1100 748 μή
1119 710 1171 748 με

8 760 224 819 ἀπριάτην
242 762 508 819 περάσαντες
528 765 628 820 ἐμῆς
647 759 887 806 άποναίατο
906 762 1040 816 τιμῆς.

8 829 122 875 οὕτω
144 828 266 887 δεῦρ’
288 830 442 888 ἱκόμην
462 828 710 887 ἀλαλημένη
724 865 732 873 .
763 825 871 873 οὐδέ
887 846 927 872 τι
947 828 1058 879 οἶδα,

9 897 100 956 ’ἥτις
121 898 173 956 δὴ
191 896 284 955 γαῖ’
305 899 416 951 ἐστὶ,
443 900 515 943 καὶ
535 901 694 948 οἵτινες
714 895 984 953 ἐγγεγάασιν.

9 964 106 1010 ἀλλ’
126 964 232 1024 ὑμῖν
252 967 332 1023 μὲν
351 966 508 1018 πάντες
527 963 737 1023 Ὀλύμπια
761 961 928 1022 δώματ’
950 969 1117 1020 ἔχοντες
1277 973 1337 1008 135

11 1037 130 1080 δοῖεν
149 1038 398 1090 κουριδίους
420 1032 605 1092 ἄνδρας,
634 1035 705 1078 καὶ
723 1034 854 1077 τέκνα
874 1033 1092 1087 τεκέσθαι,

11 1099 66 1153 ὡς
86 1103 289 1147 ἐθέλουσι
308 1105 478 1160 τοκῆες·
508 1103 579 1160 ἐμὲ
604 1099 646 1145 δ’
670 1095 771 1146 αὖτ’
791 1105 1051 1155 οἰκτείρατε,
1082 1102 1251 1155 κοῦραι,

9 1172 314 1227 προφρονέως,
344 1176 449 1227 φίλα
468 1172 617 1223 τέκνα,
647 1171 752 1220 τέως
770 1168 877 1224 πρὸς
899 1165 1071 1225 δώμαθ’
1094 1171 1253 1224 ἵκωμαι

10 1235 163 1295 άνέρος
180 1236 257 1296 ἠδὲ
276 1236 506 1295 γυναικὸς,
535 1242 610 1283 ἴνα
630 1243 783 1293 σφίσιν
803 1235 1044 1294 ἐργάζωμαι

10 1306 223 1363 πρόφρων
237 1342 246 1360 ,
276 1302 346 1351 οἶα
363 1304 573 1363 γυναικὸς
592 1304 802 1362 ἀφήλικος
823 1311 927 1362 ἔργα
947 1306 1159 1349 τέτυκται.
1275 1314 1338 1348 140

10 1380 88 1420 καί
102 1393 179 1419 κεν
198 1377 335 1419 παῖδα
352 1373 538 1432 νεογνὸν
557 1377 606 1420 ἐν
624 1371 881 1430 άγκοίνῃσιν
901 1377 1058 1430 ἔχουσα

11 1441 121 1488 καλὰ
140 1447 423 1500 τιθηνοίμην,
454 1444 525 1487 καὶ
546 1442 722 1499 δώματα
743 1441 986 1499 τηρήσαιμι,

11 1515 89 1556 καί
102 1529 151 1555 κε
172 1512 293 1567 λέχος
311 1513 559 1568 στορέσαιμι
579 1513 705 1568 μυχῷ
722 1509 937 1567 θαλάμων
958 1506 1187 1565 εὐπήκτων

13 1577 307 1633 δεσπόσυνον,
337 1585 415 1624 καί
430 1576 474 1623 κ’
495 1584 599 1635 ἔργα
621 1577 926 1635 διδασκήσαιμι
945 1587 1169 1634 γυναῖκας.

81 1649 149 1704 Φῆ
161 1649 215 1703 ῥα
227 1646 313 1691 θεά
324 1659 333 1669 ·
353 1645 432 1702 τὴν
446 1644 489 1690 δ’
506 1643 648 1691 αὐτίκ’
664 1643 864 1703 άμείβετο
878 1646 1098 1702 παρθένος
1110 1640 1262 1702 άδμὴς,
1279 1656 1338 1689 145

13 1718 255 1771 Καλλιδίκη
270 1750 279 1761 .
311 1719 491 1759 Κελεοῖο
511 1717 750 1772 θυγατρῶν
771 1714 886 1765 εἶδος
904 1711 1077 1770 άρίστη·

79 1787 229 1837 Μαῖα,
258 1785 380 1826 θεῶν
397 1783 478 1839 μὲν
498 1786 617 1840 δῶρα
636 1783 708 1826 καὶ
728 1779 967 1839 άχνύμενοί
983 1798 1065 1838 περ
1085 1777 1252 1837 άνάγκῃ

12 1851 220 1908 τέτλαμεν
239 1848 469 1907 ἅνθρωποι
482 1863 491 1873 ·
521 1849 574 1908 δὴ
593 1848 676 1907 γὰρ
697 1849 808 1894 πολὺ
828 1852 1036 1907 φέρτεροί
1051 1853 1172 1894 εἰσιν.

15 1921 150 1963 ταῦτα
172 1920 224 1963 δέ
238 1936 303 1962 τοι
322 1920 495 1975 σαφέως
513 1916 791 1975 ὑποθήσομαι
805 1953 814 1969 ,
843 1916 917 1975 ἠδ’
937 1915 1138 1975 ὀνομήνω

14 1985 171 2043 άνέρας
184 2022 193 2037 ,
219 1983 334 2030 οἷσιν
353 1991 497 2031 ἔπεστι
516 1989 624 2043 μέγα
645 1985 798 2040 κράτος
819 1985 981 2031 ἐνθάδε
1000 1988 1136 2043 τιμῆς,
1279 1996 1340 2029 150

17 2053 156 2112 δήμου
174 2072 220 2098 τε
238 2053 528 2111 προῦχουσιν,
558 2054 622 2098 ἰδὲ
642 2053 862 2111 κρήδεμνα
882 2053 1040 2111 πόληος

17 2121 211 2178 εἰρύαται
232 2126 416 2180 βουλῇσι
436 2124 510 2167 καὶ
529 2127 694 2179 ἰθείῃσι
718 2126 910 2179 δίκῃσιν·

16 2187 123 2246 ἠμὲν
149 2193 444 2247 Τριπτολέμου
463 2189 729 2247 πυκιμήδεος
749 2188 824 2246 ἠδὲ
845 2189 1037 2235 Διόκλου

15 2255 92 2314 ἠδὲ
115 2259 382 2311 Πολυξείνου
401 2259 469 2302 καὶ
492 2257 711 2315 άμύμονος
734 2256 978 2315 Εὐμόλποιο

17 2326 89 2369 καὶ
109 2331 300 2382 Δολίχου
318 2328 392 2371 καὶ
411 2325 571 2381 πατρὸς
591 2324 802 2383 ἀγήνορος
821 2323 1054 2383 ἡμετέροιο.
1280 2335 1342 2368 155

1618 1688 1619 1691 „
1612 1662 1617 1668 ι
1610 1363 1619 1642 μ-ι-πᾼὴ--τςςΑιι-’ω-ι
1609 1321 1613 1356 -·-
