1619 2556
168 113 220 151 76
299 123 430 156 XXVI.
457 124 538 157 ΕΙΣ
561 123 825 157 ΔΙΟΝΤΣΟΝ.
876 125 1023 156 XXVII.
1051 123 1132 157 ΕΙΣ
1158 125 1383 157 APTEMIN.

750 243 919 286 XXVI.

646 335 727 368 ΕΙΣ
754 335 1017 368 ΔΙΟΝΤΣΟΝ.

266 428 548 486 Κισσοκόμην
566 429 791 474 Διόνυσον
811 432 1045 486 ἐρίβρομον
1064 428 1203 487 ἅρχομ
1209 427 1421 487 ’ἄει’δειν,

166 496 306 552 Ζηνὸς
326 499 399 542 καὶ
416 499 613 554 Σεμέλης
633 500 855 578 ἐρικυδέος
874 495 1038 554 ἀγλαὸν
1057 497 1169 553 υἱὸν,

165 562 216 608 ὂν
235 567 399 621 τρέφον
419 563 603 622 ἠΰκομοι
622 565 792 622 νύμφαι
812 565 929 622 παρὰ
948 565 1108 620 πατρὸς
1127 564 1312 617 ἄνακτος

167 633 399 690 δεξάμεναι
418 632 618 677 κόλποισι
637 635 710 678 καὶ
730 635 947 684 ἐνδυκέως
967 631 1197 678 ἀτίταλλον

164 700 320 757 Νύσης
340 704 389 746 ἐν
408 699 607 758 γυάλοις·
635 698 657 744 ὁ
679 700 719 745 δ’
741 700 884 755 ἀέξετο
906 700 1067 756 πατρὸς
1087 705 1204 760 ἕκητι
1476 715 1496 747 5

165 767 310 828 ἄντρῳ
331 772 379 814 ἐν
399 767 554 814 εὐώδει
574 775 858 826 μεταρίθμιος
879 766 1177 814 ἀθανάτοισιν.

165 834 303 893 αὐτὰρ
325 836 474 894 ἐπειδὴ
493 835 621 880 τόνδε
639 839 742 881 θεαὶ
761 835 1016 894 πολύυμνον
1035 843 1246 894 ἔθρεψαν,

166 903 219 962 δὴ
239 905 334 949 τότε
355 910 596 961 φοιτίζεσκε
616 904 723 950 καθ’
744 902 954 962 ὑλήεντας
975 905 1199 957 ἐναύλους.

165 976 303 1032 κισσῷ
322 974 395 1018 καὶ
416 972 562 1030 δάφνη
583 975 936 1030 πεπυκασμένος·
963 977 1012 1017 αἱ
1028 972 1070 1017 δ’
1092 972 1166 1030 ἅμ’
1189 976 1343 1019 ἕποντο

166 1039 356 1097 νύμφαι,
380 1038 402 1085 ὁ
429 1039 471 1085 δ’
493 1043 708 1097 ἐξηγεῖτο·
738 1041 898 1098 βρόμος
921 1039 963 1084 δ’
984 1046 1081 1097 ἔχεν
1100 1041 1289 1085 ἄσπετον
1308 1039 1431 1098 ὕλην.
1456 1054 1495 1086 ιο

265 1111 354 1153 Καὶ
372 1107 427 1153 σὺ
446 1109 527 1166 μὲν
545 1106 659 1152 οὕτω
679 1119 824 1165 χαῖρε,
853 1107 1157 1164 πολυστάφυλ’
1179 1103 1214 1153 (ὁ
1233 1108 1450 1154 Διόνυσε·

166 1175 238 1227 δὸς
261 1175 304 1221 δ’
324 1174 433 1235 ἡμᾶς
454 1182 681 1232 χαίροντας
700 1179 742 1228 ές
763 1175 877 1233 ὥρας
897 1178 1018 1228 αὐτις
1040 1179 1223 1222 ἱκέσθαι.

732 1385 923 1426 XXVII.

660 1476 739 1509 ΕΙΣ
764 1477 991 1509 APTEMIN.

257 1573 458 1629 ’Ἄρτεμιν
477 1570 610 1616 άείδω
629 1569 959 1628 χρυσηλάκατον
978 1572 1252 1629 κελαδεινὴν,

163 1642 390 1695 παρθένον
409 1643 605 1696 αἰδοίην,
635 1638 931 1694 ἐλαφηβόλον,
960 1641 1194 1695 ἰοχέαιραν,

164 1706 539 1765 αὐτοκασιγνήτην
558 1706 804 1764 χρυσαόρου
822 1703 1101 1758 Ἀπόλλωνος.

162 1773 188 1831 ἢ
207 1773 305 1819 κατ’
326 1774 405 1832 ὅρη
425 1775 627 1820 σκιόεντα
646 1777 718 1819 καὶ
737 1772 890 1830 ἄκριας
910 1771 1173 1831 ἠνεμοέσσας

162 1841 273 1900 ἄγρῃ
293 1845 534 1899 τερπομένη
555 1842 807 1900 παγχρύσεα
827 1841 926 1894 τόξα
944 1847 1139 1893 τιταίνει,
1473 1854 1492 1887 5

162 1913 391 1967 πέμπουσα
412 1911 644 1955 στονόεντα
665 1913 791 1967 βέλη·
823 1911 992 1966 τρομέει
1013 1910 1059 1954 δὲ
1078 1910 1245 1967 κάρηνα

161 1976 343 2036 ὑψηλῶν
363 1977 523 2035 ὀρέων.
555 1984 670 2035 ἰαχεῖ
686 1976 728 2021 δ’
751 1983 820 2023 ἔπι
842 1977 1016 2028 δάσκιος
1037 1976 1119 2035 ὕλη

162 2045 310 2090 δεινὸν
328 2044 413 2091 ὑπὸ
433 2050 623 2103 κλαγγῆς
642 2048 816 2102 θηρῶν·
845 2050 1021 2099 φρίσσει
1042 2047 1095 2090 δέ
1109 2063 1154 2089 τε
1173 2055 1277 2102 γαῖα

160 2113 317 2166 πόντος
337 2112 378 2158 τ’
400 2113 615 2170 ἰχθυόεις·
644 2112 668 2170 ἡ
690 2112 732 2157 δ’
754 2111 940 2169 ἄλκιμον
958 2107 1062 2169 ἦτορ
1085 2118 1241 2170 ἔχουσα

159 2181 300 2239 πάντη
321 2184 624 2237 ἐπιστρέφεται
639 2217 648 2225 .
681 2184 834 2237 θηρῶν
853 2178 1064 2225 ὀλέκουσα
1084 2182 1313 2237 γενέθλην.
1454 2191 1494 2224 10

161 2348 268 2375 xxv1.
297 2333 338 2372 ἐκ
361 2329 396 2372 δ’
420 2324 516 2372 αὖθ’
543 2329 681 2380 ὡράων
703 2334 757 2380 εἰς
778 2327 866 2379 τοὺς
886 2327 1052 2380 πολλοὺς
1072 2329 1284 2380 ἐνιαυτούς.
1452 2339 1494 2373 13
