1619 2556
194 97 247 137 48
607 112 668 143 1v.
706 111 786 142 ΕΙΣ
809 111 1104 144 ΑΦΡοΔῐΤΗΝ.

295 211 399 228 η9,

193 216 339 268 [ἑστασ
376 219 590 271 ηλίβατοι·
620 217 775 271 τεμένη
803 216 854 258 δέ
871 216 892 258 ἑ
909 215 1217 271 κικλήσκουσιν

194 280 451 327 ἀθανάτων·
481 281 555 334 τὰς
575 280 620 326 δ’
639 281 733 327 οὔτι
753 283 902 340 βροτοὶ
921 287 1113 338 κείρουσι
1133 284 1296 344 σιδήρῳ
1309 290 1335 339 ·]

193 347 291 394 ἄλλ’
312 348 382 394 ὅτε
402 368 479 394 κεν
499 349 553 407 δὴ
571 361 701 407 μοῖρα
721 349 969 408 παρεστήκῃ
988 351 1212 408 θανάτοιο,

193 416 391 472 αζάνεται
410 418 490 474 μὲν
509 421 682 475 πρῶτον
702 419 772 463 ἐπὶ
791 419 921 475 χθονὶ
942 420 1125 474 δένδρεα
1145 420 1268 471 καλὰ,

193 485 343 541 φλοιὸς
364 483 406 530 δ’
427 483 859 543 ἀμφιπεριφθινύθει
873 522 882 531 .
913 491 1119 531 πίπτουσι
1140 485 1183 532 δ’
1203 485 1280 532 ἄπ’
1300 486 1401 542 ὄζοι,

192 556 281 597 τῶν
301 554 347 598 δὲ
365 552 417 598 θ’
438 551 548 611 ὁμοῦ
567 552 683 611 ψυχὴ
703 560 842 600 λείπει
861 554 971 610 φάος
990 552 1164 611 ἠελίοιο.

193 625 241 666 αἱ
255 621 335 678 μὲν
354 619 458 679 ἐμὸν
476 624 695 678 θρέψουσι
714 621 831 679 παρὰ
851 628 1003 679 σφίσιν
1026 621 1124 667 υἱὸν
1145 629 1330 679 ἔχουσαι.

1453 429 1520 464 270

193 690 261 733 σοὶ
282 688 326 734 δ’
348 688 447 746 ἐγώ,
467 688 582 747 ὄφρα
599 709 647 735 κε
667 694 801 735 ταῦτα
821 690 927 747 μετὰ
947 692 1076 748 φρεσὶ
1095 690 1235 736 πάντα
1256 694 1433 747 διέλθω,
1453 703 1519 738 276

193 762 236 809 ἐς
253 759 449 815 πέμπτον
471 763 561 811 ἔτος
580 752 703 810 αὖτις
722 758 951 816 ἐλεύσομαι
969 757 1068 804 υἱὸν
1089 758 1267 816 ἄγουσα.

193 826 268 869 τὸν
286 825 367 882 μὲν
386 824 494 883 ε’πὴν
516 827 568 884 δὴ
587 830 761 882 πρῶτον
781 830 877 883 ἴδῃς
897 826 1033 878 θάλος
1051 825 1332 885 ὀφθαλμοῖσι,

191 893 400 951 γηθήσεις
420 892 580 951 ὁρόων·
608 895 721 952 μάλα
741 893 823 952 γὰρ
846 900 1094 947 θεοείκελος
1113 900 1250 940 ἔσται·

192 960 306 1015 ἄξεις
327 959 370 1006 δ’
390 959 546 1007 αὐτίκα
566 982 642 1020 μιν
661 965 759 1008 ποτὶ
773 961 911 1008 Ἴλιον
931 960 1209 1020 ἠνεμόεσσαν.

193 1027 246 1086 ἢν
269 1031 320 1074 δέ
335 1048 399 1082 τις
420 1037 590 1088 εἴρηταί
605 1046 653 1076 σε
672 1034 962 1087 καταθνητῶν
985 1029 1251 1087 ἀνθρώπων.

191 1096 283 1154 ἥτις
303 1112 371 1142 σοι
389 1104 521 1155 φίλον
540 1098 639 1144 υίόν
657 1096 743 1144 ὑπὸ
764 1099 876 1156 ζώνῃ
895 1101 1000 1143 θέτο
1019 1099 1170 1156 μήτηρ,

191 1169 252 1225 τῷ
272 1167 319 1210 δὲ
338 1165 393 1211 σύ
413 1174 656 1224 μυθεῖσθαι
674 1169 966 1225 μεμνημένος,
990 1165 1047 1219 ὥς
1066 1181 1113 1212 σε
1133 1167 1317 1212 κελεύω·

191 1233 362 1290 φάσθαι
382 1252 445 1279 τοι
465 1234 657 1292 Νύμφης
678 1234 982 1286 καλυκώπιδος
1003 1240 1184 1291 ἔκγονον
1206 1236 1331 1289 εἶναι,

191 1307 239 1346 αἳ
255 1301 353 1346 τόδε
373 1303 654 1348 ναιετάουσιν
672 1301 771 1358 ὅρος
791 1305 1076 1360 καταειμένον
1093 1301 1188 1360 ὕλῃ.

192 1374 231 1414 εἰ
250 1371 301 1414 δέ
316 1388 393 1415 κεν
412 1373 580 1429 ἐξείπῃς
600 1373 672 1416 καὶ
693 1371 891 1424 ἐπεύξεαι
911 1369 1072 1427 ἄφρονι
1091 1373 1237 1429 θυμῷ.

191 1441 239 1483 ἐν
258 1438 455 1495 φιλότητι
474 1443 653 1497 μιγῆναι
673 1439 927 1498 ἐϋστεφάνῳ
949 1443 1187 1496 Κυθερείῃ,

191 1506 300 1557 Ζεύς
319 1521 367 1551 σε
386 1506 685 1565 χολωσάμενος
705 1510 852 1565 βαλέει
873 1507 1073 1559 ψολόεντι
1092 1509 1306 1566 κεραυνῷ.

192 1581 362 1631 εἴρηταί
376 1593 441 1619 τοι
462 1575 623 1620 πάντα·
650 1574 704 1620 σὺ
726 1576 772 1620 δὲ
795 1577 924 1631 φρεσὶ
944 1578 1043 1632 σῇσι
1062 1574 1234 1632 νοήσας,

191 1649 308 1699 ἴσχεο
327 1641 432 1700 μηδ’
455 1641 682 1701 ὀνόμαινε.
711 1646 832 1688 θεῶν
853 1642 896 1687 δ’
917 1646 1113 1697 ἐποπίζεο
1132 1646 1274 1700 μῆνιν.

282 1707 362 1763 “Ὼς
383 1709 551 1756 εἰποῦσ’
573 1710 663 1768 ἤϊξε
682 1710 788 1767 πρὸς
808 1710 999 1766 οὐρανὸν
1018 1709 1269 1768 ἠνεμόεντα.

291 1783 450 1834 Χαῖρε,
479 1779 586 1831 θεά,
618 1779 817 1835 Κύπροιο
839 1782 1093 1837 ἐϋκτιμένης
1117 1781 1351 1836 μεδέουσα·

191 1849 269 1891 σεῦ
290 1843 332 1890 δ’
353 1845 436 1903 ἐγώ
457 1845 694 1905 ἀρξάμενος
713 1847 1009 1905 μεταβήσομαι
1029 1846 1162 1891 ἄλλον
1183 1849 1224 1897 ἐς
1243 1844 1393 1903 ὕμνον.

190 1984 256 2030 τὸν
279 1988 349 2040 μὲν
370 1987 468 2038 ἕπην
489 1983 536 2038 δὴ
558 1990 712 2037 πρῶτον
737 1987 803 2040 ἕλῃ
826 1984 1066 2036 πολυήρατος
1087 1982 1178 2037 ἥβη,

190 2042 347 2092 ἄξουσίν
373 2057 432 2083 σοι
454 2045 567 2094 δεῦρο
588 2042 700 2093 θεαὶ,
727 2044 896 2090 δείξουσί
913 2057 950 2082 τε
972 2042 1102 2080 παῖδα.

1451 975 1519 1010 280

1451 1314 1517 1348 285

1449 1989 1515 2025 274
