1619 2556
627 113 914 150 PRAEFAno.
1404 120 1437 155 v

110 220 230 256 simus
255 218 423 270 quisque
449 216 591 256 harum
612 229 743 254 rerum
769 213 900 265 judex
927 228 977 254 ne
1000 216 1048 255 ab
1074 216 1154 255 ullo
1183 217 1342 269 quidem
1370 231 1435 255 ex·

110 272 347 325 spectabit)3
378 271 448 311 sed
480 272 665 310 intellexi
688 285 795 309 nova
823 273 936 322 quasi
967 271 1229 311 fundamenta
1246 273 1439 323 jacienda

112 341 211 375 esse,
237 329 276 365 in
298 328 440 379 quibus
465 329 596 366 futura
618 327 835 380 aliquando
857 327 993 365 horum
1016 329 1232 366 carminum
1254 330 1438 367 recensio

108 384 233 435 possit
263 385 426 421 exstrui.
486 384 590 422 Nam
619 383 724 435 quod
759 383 797 419 in
819 396 1059 434 unoquoque
1092 384 1254 435 antiquo
1276 389 1438 423 auctore

109 440 194 477 fieri
210 438 358 477 debere
374 453 478 477 nunc
499 452 634 476 omnes
653 439 917 485 consentiunt,
940 445 981 477 ut
1001 437 1205 477 codicibus
1224 439 1438 490 diligenter

109 495 288 532 excussis
319 495 528 546 pretioque
560 508 692 533 eorum
727 494 940 531 constituto
967 495 1161 545 scriptura
1189 495 1355 546 primum
1388 496 1438 533 ad

107 550 230 588 solam
261 550 378 588 fidem
410 556 450 588 et
486 550 764 588 auctoritatem
795 549 985 587 librorum
1015 557 1244 598 revocetur,
1291 550 1437 589 deinde

108 606 342 655 conjectura
365 606 617 652 emendetur,
650 605 689 643 id
711 605 760 642 ad
781 605 888 642 hunc
912 605 1014 643 diem
1038 607 1185 643 factum
1209 619 1287 644 non
1315 612 1373 644 est
1397 607 1437 644 in

106 661 165 698 his
188 661 359 713 hymnis,
386 675 506 714 quum
526 674 659 712 neque
682 660 840 698 codices
864 661 961 699 satis
987 667 1172 699 accurate
1196 669 1329 699 essent
1357 662 1434 700 col-

106 716 176 754 lati
211 729 344 769 neque
383 731 462 768 quo
504 719 671 769 quisque
710 717 798 754 loco
832 715 1041 754 habendus
1080 723 1187 755 esset
1222 724 1435 757 constaret.

106 771 223 822 Quod
245 779 288 810 ut
306 773 468 811 tandem
484 778 592 811 recte
611 773 736 818 fieret,
759 771 1087 810 Schneidewinus
1106 786 1266 823 operam
1285 773 1436 823 impen-

105 826 218 866 derat
243 829 562 879 impigerrimam.
621 828 714 878 lpse
747 827 972 865 contulerat
1002 841 1095 865 cura
1131 828 1436 878 diligentissima

105 882 282 921 codicem
304 885 635 931 Moscoviensem,
661 889 700 921 et
720 883 769 920 ab
796 883 969 920 amicitia
986 884 1152 921 Henrici
1168 884 1296 921 Keilii
1314 885 1362 922 V.
1375 884 1436 924 Ol.

104 939 406 990 impetraverat,
436 945 478 978 ut
510 940 543 977 is
573 940 613 976 in
643 939 787 976 itinere
808 939 949 975 Italico
980 939 1142 977 duorum
1166 940 1354 977 librorum
1380 941 1435 978 le-

104 994 256 1032 ctiones
277 996 423 1045 primus
448 1000 646 1042 enotaret‚
670 994 833 1032 alterius
857 995 1129 1042 Laurentiani‚
1154 995 1316 1033 alterius
1339 996 1433 1033 Am·
1485 1017 1488 1020 ·

103 1049 291 1088 brosiani.
359 1051 445 1090 Has
481 1051 717 1089 collationes
753 1055 1016 1101 posteaquam
1054 1063 1103 1089 ex
1137 1051 1435 1090 Schneidewini

103 1105 213 1143 libris
239 1108 467 1158 comparavi
499 1120 570 1158 per
594 1107 807 1144 Ernestum
838 1105 887 1143 de
909 1107 1105 1153 Leutseh,
1132 1113 1435 1157 praeceptorem

103 1161 142 1197 in
162 1174 224 1200 me
242 1162 677 1208 benevolentissimum,
701 1167 782 1199 tum
805 1161 960 1199 demum
979 1162 1164 1211 judicare
1182 1164 1307 1213 potui,
1331 1177 1434 1216 quae

101 1217 167 1254 via
191 1230 237 1255 ac
257 1218 358 1256 ratio
383 1223 518 1256 textus
541 1231 658 1269 quern
675 1223 820 1254 vocant
846 1218 1111 1255 constituendi
1134 1219 1173 1255 in
1196 1219 1255 1256 his
1276 1219 1433 1272 hymnis

102 1279 207 1310 esset
228 1273 507 1324 ingredienda.
551 1273 633 1312 Sed
654 1273 836 1326 quoniam
860 1273 1082 1311 institutum
1103 1274 1222 1324 hujus
1248 1274 1432 1312 editionis

100 1341 161 1365 me
183 1342 263 1366 non
285 1330 376 1366 sinit
398 1330 464 1366 vel
483 1330 657 1367 omnium
678 1329 866 1366 librorum
888 1329 1028 1366 afferre
1052 1329 1246 1367 lectiones
1263 1331 1328 1368 vel
1347 1344 1423 1368 ean

100 1396 219 1434 quam
240 1385 337 1422 mihi
362 1384 572 1422 informavi
597 1385 835 1422 sententiam
864 1384 913 1421 de
937 1386 1131 1434 scriptura
1155 1385 1333 1423 codicum
1359 1383 1426 1423 eli-

99 1439 231 1489 genda
253 1441 497 1491 argumentis
528 1447 565 1478 et
597 1438 828 1478 disserendo
852 1440 1129 1491 comprobare,
1163 1455 1278 1490 spero
1300 1455 1361 1479 me
1384 1442 1431 1480 iis

100 1495 167 1545 qui
188 1495 289 1533 haec
314 1497 538 1533 accuratius
569 1496 732 1547 cupient
757 1509 998 1545 cognoscere
1021 1497 1316 1535 satisfacturum
1336 1506 1431 1535 ‘esse

100 1549 275 1589 editione
296 1552 434 1601 majori
452 1565 554 1589 anno
571 1552 765 1602 proximo,
786 1552 818 1589 si
837 1550 934 1589 deus
953 1552 1089 1590 faveat
1110 1552 1313 1603 officiique
1331 1553 1430 1590 ratio

97 1606 332 1657 permiserit,
355 1607 571 1657 proditura.
631 1608 793 1644 Interea
817 1606 892 1644 hoc
913 1613 1064 1645 tantum
1092 1609 1282 1646 monitum
1311 1608 1431 1646 velim

98 1661 242 1699 falsam
272 1676 360 1700 esse
393 1676 438 1700 ac
469 1663 590 1713 plane
615 1662 874 1700 evertendam
907 1664 1132 1713 opinionem
1163 1677 1266 1714 quae
1290 1664 1382 1702 inde
1408 1677 1430 1702 a

97 1716 330 1756 Ruhnkenii
346 1719 586 1768 temporibus
602 1718 772 1755 invaluit
790 1718 839 1755 de
853 1720 1099 1768 praestantia
1114 1719 1263 1758 codicis
1275 1720 1429 1759 Mosco-

97 1773 257 1811 viensis.
307 1774 386 1811 Hic
409 1775 513 1812 enirn
535 1774 636 1811 liber
658 1775 729 1812 etsi
756 1787 805 1811 ex
829 1774 937 1811 fonte
958 1787 1056 1824 puro
1080 1776 1271 1825 originem
1294 1776 1429 1823 traxit,

95 1834 235 1879 postea
251 1829 292 1866 in
315 1829 414 1867 locis
433 1836 472 1867 et
492 1830 598 1867 sanis
622 1835 660 1867 et
684 1830 877 1879 corruptis
898 1830 953 1867 ita
976 1831 1205 1881 inquinatus
1227 1837 1285 1869 est
1308 1832 1428 1869 inter·

95 1883 363 1933 polationibus
381 1885 682 1931 molestissimis,
705 1891 746 1922 ut
765 1885 869 1922 solus
886 1898 956 1935 per
981 1899 1022 1923 se
1045 1886 1195 1924 nullam
1212 1887 1328 1924 fidem
1347 1900 1427 1925 me-

95 1944 242 1977 reatur.
313 1939 473 1978 Summa
510 1947 640 1978 autem
671 1941 884 1979 auctoritas
911 1941 1122 1979 tribuenda
1161 1949 1218 1981 est
1248 1944 1426 1981 Lauren·

96 1995 217 2042 tiano,
240 1996 308 2047 qui
330 1995 474 2034 menda
496 1996 661 2034 exhibet
680 1996 862 2048 plurima,
883 1996 1101 2048 locupletia
1123 1997 1183 2047 (ut
1204 1999 1258 2035 ita
1281 1998 1426 2048 dicam)

95 2050 276 2088 sincerae
301 2052 521 2102 scripturae
542 2052 782 2097 testimonia,
808 2065 958 2089 vacuus
983 2058 1044 2091 est
1071 2066 1094 2090 a
1117 2054 1428 2092 correctionibus

94 2105 305 2156 importuni
332 2106 514 2145 doctoris.
576 2107 680 2145 Nam
697 2121 800 2160 quae
827 2107 875 2145 ad
897 2109 1116 2158 marginem
1138 2110 1333 2147 lectiones
1358 2123 1425 2161 ap·

94 2161 228 2211 pictae
250 2169 354 2209 sunt,
377 2175 464 2200 eam
484 2163 728 2213 singularem
753 2163 1025 2201 condicionem
1048 2164 1210 2212 habent,
1232 2171 1275 2202 ut
1295 2178 1427 2217 neque

96 2229 147 2253 ex
168 2217 328 2268 ingenio
352 2221 612 2268 provenerint
631 2220 767 2257 neseio
791 2219 905 2268 cujus
931 2221 1178 2269 grammatici
1206 2234 1338 2272 neque
1365 2234 1425 2258 er—

95 2272 174 2309 rori
196 2273 284 2324 (qui
305 2275 425 2311 mirus
446 2281 590 2323 regnat
614 2275 654 2312 in
678 2275 740 2312 his
759 2274 893 2323 rebus)
920 2275 1112 2325 originem
1135 2275 1328 2324 debeant,
1354 2275 1425 2314 sed

94 2326 219 2378 pluris
247 2328 521 2367 aestimandae
551 2331 631 2367 sint
661 2343 780 2381 quam
817 2343 920 2382 quae
958 2331 998 2368 in
1029 2332 1217 2369 continua
1238 2345 1425 2370 versuum
