1664 2556
418 115 446 141 3.
467 114 738 146 Einzelausgaben.
782 113 812 145 b)
831 111 1024 137 Lateinische
1044 110 1268 136 Schriststeller.

82 196 203 230 corpus
224 196 414 230 glossarior.
436 195 581 222 butinor.
602 203 620 221 a
640 195 672 221 G.
690 195 821 220 Loewe

117 234 292 259 incohatum
311 233 456 264 auspiciis
476 232 634 258 Societatis
654 231 820 256 litterarum

117 269 217 301 regiae
228 268 397 294 Saxonicae
409 275 513 299 comp,
526 275 593 299 rec,
602 267 645 292 ed.
656 266 688 292 G.
697 266 722 292 G
730 273 747 291 o
755 267 820 291 etz.

153 304 282 329 Vol.VIJ.
303 303 475 334 Thesaurus
485 304 574 335 gloss.
585 302 820 327 emendaturum.

190 338 282 365 Conff.
310 337 342 364 G.
369 337 483 364 Goetz
518 340 547 362 et
581 336 615 362 G.
641 337 841 362 Heraeus..

190 375 309 436 znfaislcc.
349 374 433 399 Fasc.
447 374 470 398 1.
504 374 542 399 „a
555 374 642 398 24.—
681 372 765 397 Fasc.
780 371 820 395 11.

84 449 284 477 Didascniinc
299 448 520 482 apostolorum
535 448 720 481 fragmenta
728 447 821 473 Vero·
840 434 841 440 ἵ

120 485 231 512 neusin
252 485 379 512 Latina.
417 484 487 510 Acc.
513 491 663 510 canonum
689 483 741 515 qui
766 483 821 508 dic.

119 522 323 553 apostolorum
355 523 385 546 et
415 520 633 552 Aegyptiorum
668 518 821 550 reliquiae.

120 557 206 582 Prim.
235 557 280 582 ed.
306 557 340 581 E.
366 556 520 581 Hauler.
558 555 644 580 Fasc.
669 555 692 579 1.
736 554 822 579 Prae-

120 592 204 625 fatio,
222 592 400 624 fragmenta.
438 591 495 616 Mic
515 591 529 615 2
549 590 665 615 Tafeln.
697 589 734 615 ..lc
753 591 822 614 4.—

31 661 34 663 .
85 638 248 665 Enniunse
259 638 364 671 poesis
376 637 544 669 reliquiae.
559 638 626 663 Rec.
641 638 664 662 Ι.
673 637 744 661 Vah
753 637 763 661 l
772 644 822 661 en.

119 675 175 700 Ed.
194 675 235 700 Π.
271 675 309 701 M
330 676 415 701 16.—
436 673 520 700 18.—

85 714 336 749 Exuperantius‚
348 713 504 747 Epitome.
523 715 613 746 Hrsg.
624 722 650 738 v.
659 713 692 739 G.
701 713 724 738 L
734 721 751 738 a
759 721 778 738 n
787 713 822 737 d-

120 751 207 784 graf
225 759 252 776 u.
274 751 303 776 C.
324 751 508 782 Weyman.
547 751 584 775 AL
603 751 699 775 -.60.

86 798 311 860 Ρῖιῖῗιίιεθῐόῐυηι
323 797 360 824 de
371 796 441 823 iure
448 795 532 823 fisci.
544 797 599 821 Ed.
607 797 637 821 P.
646 797 744 821 Krue
753 803 794 827 ge
803 803 822 820 r.

86 873 260 901 Frontonis
290 877 319 900 et
343 874 381 900 M.
402 872 525 900 Aurelii
550 872 626 905 imp.
653 871 824 904 epistulae.

121 910 188 935 Rec.
210 910 238 936 S.
258 910 291 935 A.
313 910 444 935 Naber.
481 910 519 935 A
537 911 607 934 8.-

86 952 100 967 ⁸

194 952 245 976 Ed.
267 952 304 976 Η.
325 951 476 975 Hauler.
517 950 565 982 [In
580 949 682 981 Vorb.]

86 985 255 1020 Gediehte,
277 987 430 1012 unedierte
449 985 643 1017 lateinische,
667 985 746 1016 hrsg.
768 991 824 1009 von

122 1023 154 1047 Ε.
175 1022 376 1048 Baehrens.
413 1022 451 1047 ,AL
471 1022 547 1047 1.2o.

87 1068 220 1095 Glossae
240 1067 414 1094 nominum.
454 1068 508 1093 Ed.
529 1067 562 1093 G.
582 1068 720 1092 Loewe.
757 1066 825 1091 Acc.

121 1105 254 1130 eiusdem
274 1105 422 1136 opuscula
447 1103 696 1136 glossographica
722 1102 788 1127 coll.
810 1109 828 1127 a

122 1139 155 1165 G.
176 1139 299 1166 Goetz.
336 1140 374 1166 ..n
393 1141 462 1165 6.-

88 1179 295 1207 Grsmmstici
309 1178 417 1206 Latini
431 1187 469 1205 ex
483 1187 538 1205 rec.
554 1180 590 1204 Η.
606 1179 700 1204 Keil.
728 1179 741 1203 7
756 1178 826 1203 voll.

123 1216 234 1242 Lex.-8.
271 1216 309 1243 aba
329 1217 441 1242 13920.

159 1258 224 1282 Vol.
238 1258 261 1282 1.
287 1258 372 1283 Fasc.
387 1260 410 1282 1.
441 1255 610 1282 Charisii
634 1263 681 1280 ars
705 1263 827 1287 gramm.

195 1300 231 1318 ex
250 1300 307 1318 rec.
327 1293 365 1317 H.
386 1293 480 1318 Keil.
520 1292 649 1323 [Vergr.]

159 1348 193 1352 —
211 1335 235 1358 1.
264 1334 349 1359 Fasc.
363 1335 387 1358 2.
416 1333 611 1358 Diomedis
634 1339 682 1357 ars
705 1339 827 1363 gramm.

194 1377 231 1394 ex
253 1369 382 1395 Charisii
404 1366 474 1394 arte'
487 1376 610 1400 gramm.
630 1369 772 1398 excerpta
792 1373 829 1392 ex

195 1412 251 1430 rec.
272 1405 309 1429 H.
330 1404 424 1430 Keil.
461 1404 499 1430 «Aa
519 1405 605 1429 10.-

160 1461 194 1464 —
212 1446 252 1471 Π.
272 1446 383 1471 Fasc.1
399 1448 428 1471 et
444 1447 467 1470 2.
494 1444 690 1470 Prisciani
709 1444 829 1468 institu-

195 1482 292 1506 tiones
323 1489 445 1513 gramm.
478 1489 516 1506 εχ
547 1487 603 1505 rec.
632 1480 671 1504 M.
692 1480 829 1504 Hertz.

195 1517 262 1542 Vol..
282 1517 305 1541 Ι,
340 1517 468 1548 [Vergr]

160 1572 193 1576 —
204 1559 260 1583 ΠΙ.
277 1558 362 1584 Fasc.
371 1560 394 1583 1.
412 1558 494 1582 Pris
503 1557 608 1582 ciani
624 1555 829 1581 institutiones

195 1601 318 1655 glriaffim.
341 1601 379 1618 ex
405 1601 462 1618 rec.
481 1593 520 1617 M.
541 1593 666 1618 Hertz.
703 1592 769 1616 Vol.
790 1591 828 1615 Η.

160 1684 194 1688 -
213 1670 269 1695 ΙΠ.
297 1669 382 1694 Fasc.
404 1670 427 1694 2.
456 1668 648 1694 Prisciani
669 1668 705 1693 de
724 1663 849 1699 figuris*

196 1712 404 1737 numerorum,
432 1705 468 1730 de
494 1704 597 1729 metris
618 1703 765 1735 Terentii,
794 1703 830 1727 de

198 1740 513 1772 praeexercitamentis
554 1739 711 1764 rhetoricis
751 1738 831 1770 libri,
848 1736 850 1766 ὲ

197 1776 349 1802 institutio
369 1776 405 1800 de
425 1775 546 1800 nomine
565 1778 595 1800 et
611 1773 787 1805 pronomine
802 1776 830 1798 et
848 1775 850 1803 ᾗ

196 1812 296 1843 verbo,
315 1811 493 1842 partitiones
513 1810 671 1835 duodecim
690 1816 830 1834 versuum

197 1847 347 1872 Aeneidos
373 1845 603 1878 principalium,
628 1845 744 1870 accedit
770 1845 831 1869 Pri-

197 1882 294 1908 sciani
313 1881 365 1913 qui
384 1881 440 1906 dic.
461 1881 537 1906 liber
556 1881 592 1906 de
607 1879 780 1905 accentibus
793 1887 831 1905 ex

197 1925 252 1943 rec.
273 1918 311 1942 H.
332 1917 427 1942 Keil.
466 1914 602 1949 [Vei-gr]

162 1973 196 1977 —-
211 1959 263 1983 IV.
284 1959 368 1983 Fasc.
384 1960 407 1982 1.
434 1957 547 1982 Probi
567 1957 727 1988 catholica,
745 1956 830 1981 iusti·
849 1947 850 1975 }

199 1996 265 2019 tuta
284 1994 404 2025 artium,
424 1993 459 2018 de
479 1992 599 2017 nomine
619 1994 770 2023 excerpta,
795 1992 831 2016 de

198 2029 314 2054 ultimis
334 2029 460 2060 syllabis
479 2029 556 2053 liber
575 2028 614 2052 ad
629 2027 831 2052 Caelestinum

198 2071 235 2090 ex
257 2072 314 2090 rec.
334 2065 372 2088 H.
392 2064 488 2089 Keil.
511 2077 545 2081 —-
570 2063 717 2088 Notarum
743 2063 832 2087 later-

199 2100 260 2124 culi
272 2100 379 2125 edente
393 2099 452 2124 Th.
464 2099 674 2124 Mommsen.
693 2098 731 2124 M
746 2100 833 2123 11.—

163 2155 196 2159 —
210 2141 261 2166 IV.
274 2141 393 2165 Fasc..‘2.
407 2140 549 2165 Donati
565 2147 613 2165 ars
627 2139 834 2171 grammatica,
850 2151 851 2155 =

199 2175 312 2201 Marii
332 2175 458 2201 Servii
474 2175 666 2200 Honorati
685 2181 832 2199 commen·
851 2194 853 2197 .

199 2211 294 2236 tarius
314 2211 345 2236 in
365 2213 459 2236 artem
479 2211 605 2243 Donati,
625 2211 661 2234 de
681 2210 834 2241 finalibus,
851 2214 853 2218 ’

199 2247 235 2272 de
254 2249 374 2272 centum
394 2246 507 2278 metris,
526 2246 562 2270 de
582 2245 684 2270 metris
705 2244 834 2277 Horatii,

200 2282 218 2308 S
227 2281 325 2314 ergii
340 2281 378 2306 de
390 2281 503 2313 littera,
516 2281 551 2306 de
565 2281 692 2312 syllaba,
702 2280 738 2305 de
751 2279 834 2311 pedi-

198 2317 333 2350 bus„de
359 2317 549 2348 accentibus,
577 2317 612 2341 de
638 2315 853 2351 distinctione¹

198 2352 448 2384 commentarius,
490 2351 721 2382 explanationes
759 2350 833 2376 artis

202 2387 326 2420 Donati,
357 2387 393 2412 de
422 2387 618 2413 idiomatibus
646 2393 684 2412 ex
712 2386 832 2419 rechH.

198 2423 292 2448 Keil.
329 2422 368 2449 Aa
385 2423 456 2448 8.—
470 2441 479 2454 Ἴ,

1552 111 1594 140 '21

859 191 1066 219 Grammaticl
1087 190 1195 217 Latini
1215 199 1253 217 ex
1271 199 1327 216 rec.
1348 191 1386 216 H.
1406 191 1500 216 Keil.

929 229 1040 253 Vol.V.
1059 228 1144 253 Fasc.
1157 230 1180 253 1.
1204 227 1381 252 Cledonii
1401 233 1449 252 ars
1466 233 1600 258 gramm,

964 263 1132 294 Pompeii
1159 265 1359 288 commentum
1385 261 1459 287 artis
1478 261 1599 293 Donati,

965 301 1107 329 excerpta
1132 305 1169 326 ex
1195 297 1418 323 commentariis
1443 296 1475 321 in
1501 297 1599 321 Dona-

965 337 1029 359 tum
1049 341 1086 359 ex
1106 340 1162 359 rec.
1183 334 1221 358 H.
1240 333 1336 358 Keil.
1374 332 1411 359 „a
1430 333 1500 358 9.—

931 390 963 393 —
982 376 1018 400 V.
1050 375 1135 400 Fasc.
1153 376 1176 399 2.
1211 373 1457 406 Consentius,
1476 373 1601 404 Phocas,

966 411 1134 442 Eutyches,
1177 409 1382 441 Augustinus,
1430 408 1602 440 Palaemon,

968 446 1079 478 Asper,
1103 446 1140 470 de
1159 445 1280 470 nomine
1299 448 1328 469 et
1348 444 1541 476 pronomine,
1565 443 1601 468 de

967 481 1066 506 dubiis
1086 480 1274 512 nominibus,
1293 479 1441 505 Macrobii
1460 481 1602 514 excerpta

965 524 1003 541 ex
1022 524 1078 541 rec.
1100 516 1137 540 H.
1157 516 1251 541 Keil.
1290 516 1327 541 „ba
1348 516 1434 541 10.—

933 572 965 576 ——
981 557 1033 582 VI.
1053 557 1139 582 Fasc.
1151 559 1174 582 1.
1194 556 1339 581 Marius
1359 555 1603 587 Victorinus,

967 592 1119 618 Maximus
1132 592 1318 624 Victorinus,
1339 591 1461 616 Caesius
1481 590 1604 622 Bassus,

968 628 1330 689 {ugus-Fortunatianus
1344 634 1381 651 ex
1395 634 1451 651 rec.
1461 626 1499 650 H.
1507 626 1535 650 K
1543 625 1602 651 eil.

935 720 966 723 —
985 705 1037 730 VI.
1066 705 1151 729 Fasc.
1169 705 1192 728 2.
1223 703 1481 728 Terentianus
1500 703 1603 727 Mau-

969 748 1046 772 rus,
1071 740 1186 764 Marius
1205 739 1321 764 Plotius
1343 738 1502 771 Sacerdos,
1521 738 1604 762 Rufi-

969 783 1035 808 nus,
1050 775 1174 800 Mallius
1188 774 1374 806 Theodorus,
1389 774 1560 805 fragmenta
1575 775 1605 798 et

969 813 1112 842 excerpta
1139 811 1264 835 metrica
1292 817 1329 834 ex
1360 817 1416 834 rec.
1451 809 1486 833 H.
1508 808 1602 834 Keil.

843 867 845 881 ,
968 847 1006 873 „tc
1023 848 1057 872 14
1065 866 1069 871 .
1076 860 1111 864 —

939 887 1042 912 -VIL
1054 887 1166 912 Fascl.
1181 886 1400 917 Scriptores
1418 886 1458 910 de
1476 885 1604 910 ortho-

969 930 988 955 g
995 930 1010 947 r
1017 930 1034 948 a
1041 930 1060 954 p
1068 923 1088 947 h
1096 922 1107 947 i
1114 930 1131 947 a
1153 921 1311 947 Terentius
1335 921 1465 947 Scaurus
1474 939 1481 953 ,
1499 921 1605 946 Velius

970 959 1103 990 Longus,
1126 957 1230 989 Caper,
1248 956 1423 989 Agroecius,
1450 956 1606 981 Cassiodo-

970 994 1042 1025 rius,
1055 993 1229 1025 Martyrius,
1244 992 1337 1024 Beda,
1350 992 1479 1017 Albinus
1496 998 1534 1016 ex
1549 990 1605 1016 rec.

971 1030 1010 1054 H.
1029 1029 1124 1054 Keil.
1161 1028 1306 1054 ⁴At.10.--
1472 1036 1474 1039 ·

934 1085 968 1089 —
988 1070 1055 1095 VII.
1087 1069 1173 1094 Fasc.
1194 1070 1217 1094 2.
1255 1069 1282 1093 A
1290 1076 1309 1093 u
1319 1069 1338 1094 d.
1346 1076 1362 1093 a
1371 1068 1424 1093 cis
1444 1068 1480 1092 de
1501 1067 1607 1093 Scauri

968 1108 1000 1130 ,et
1014 1105 1145 1131 Palladii
1158 1104 1243 1129 libris
1258 1106 1409 1136 excerpta,
1430 1104 1454 1128 D
1462 1110 1479 1128 o
1487 1103 1538 1129 sit
1545 1103 1565 1128 h
1573 1110 1588 1128 e
1596 1103 1607 1128 i

972 1148 1020 1166 ars
1063 1148 1204 1172 gramm.,
1246 1139 1320 1164 Aru
1331 1139 1432 1165 siani
1476 1138 1607 1164 Messii

972 1176 1111 1207 exempla
1150 1175 1355 1201 elocutionum
1363 1194 1370 1207 ,
1415 1174 1435 1199 C
1447 1181 1464 1199 o
1475 1181 1489 1199 r
1499 1181 1519 1199 n
1529 1174 1586 1199 eli
1597 1174 1608 1199 i

972 1212 996 1236 F
1004 1219 1070 1237 ron
1078 1211 1180 1236 tonis
1223 1211 1300 1235 liber
1342 1210 1378 1235 de
1421 1209 1608 1242 differentiis,

972 1247 1143 1279 fragmenta
1161 1254 1296 1279 gramm„
1317 1246 1408 1270 index
1428 1245 1608 1276 scriptorum

973 1290 1011 1307 ex
1032 1289 1088 1307 rec.
1108 1282 1147 1306 H.
1167 1282 1265 1307 Keil.
1301 1282 1338 1307 At.
1358 1282 1454 1306 1120.

937 1330 1185 1361 Supplementum
1199 1328 1356 1353 continens
1376 1328 1524 1353 anecdota
1536 1328 1608 1352 Hel-

972 1365 1071 1427 372&ch
1082 1372 1136 1418 -ex
1164 1371 1219 1389 rec.
1248 1364 1284 1388 H.
1305 1364 1334 1388 H
1344 1370 1443 1395 agen.
1483 1363 1554 1388 Lex.
1564 1364 1606 1388 -8,

867 1446 1085 1480 [Herennium]
1123 1446 1235 1471 Incerti
1255 1445 1388 1471 auctoris
1415 1445 1452 1471 de
1479 1443 1607 1471 ratione

902 1481 1028 1509 dicendi
1051 1482 1090 1508 ad
1111 1480 1143 1507 C.
1164 1480 1201 1507 Η.
1223 1480 1260 1506 ll.
1276 1480 1328 1506 lv.
1357 1481 1408 1512 [M.
1423 1480 1506 1506 Tulli
1526 1480 1607 1506 Cice-

848 1530 849 1539 *
902 1519 984 1544 ronis
1022 1518 1060 1543 ad
1098 1517 1286 1542 Herennium
1318 1516 1389 1541 libri
1414 1517 1480 1547 VI.]
1538 1516 1608 1541 Rec.

903 1555 935 1579 F.
955 1554 1069 1579 Marx.
1107 1553 1145 1579 At.
1167 1554 1255 1578 14.—
1519 1560 1521 1563 ⁴

848 1594 1102 1621 *Historicorum
1125 1593 1334 1619 Romanorum
1360 1591 1528 1623 reliquiae.
1552 1593 1610 1618 Ed.

848 1644 849 1650 .
902 1632 940 1656 H.
960 1631 1077 1656 Peter.
1115 1631 1130 1655 2
1150 1630 1220 1654 voll.
1257 1629 1295 1655 M.
1315 1632 1402 1654 25.—

868 1669 994 1698 Horatii
1029 1676 1136 1703 opera.
1175 1669 1260 1695 Recc.
1291 1668 1322 1694 O.
1348 1669 1484 1695 Keller
1515 1672 1544 1694 et
1576 1669 1610 1694 A.

903 1707 1056 1732 Holder.
1094 1707 1108 1731 2
1130 1706 1201 1730 voll.
1240 1712 1283 1737 gr.
1304 1706 1327 1730 8.

938 1743 1004 1767 Vol.
1024 1742 1047 1767 Ι.
1087 1741 1242 1773 Carmina,
1267 1740 1371 1772 epodi,
1391 1746 1513 1765 carmen
1532 1747 1608 1765 saec.

974 1778 1088 1802 Iterum
1108 1783 1165 1802 roc.
1186 1775 1217 1801 Ο.
1238 1776 1379 1801 Keller.
1419 1775 1457 1801 M
1476 1776 1562 1800 12.—

940 1814 1018 1845 [Vol.
1031 1813 1063 1837 Π
1082 1813 1194 1843 vergr.]

868 1869 935 1873 —
957 1868 1024 1873 -—-
1045 1868 1112 1872 -—
1135 1853 1237 1878 Editio
1257 1852 1362 1877 minor.
1399 1852 1437 1877 M
1457 1854 1526 1876 4.—

968 1894 1122 1926 carmina.
1178 1894 1245 1919 Rec.
1280 1894 1311 1918 L.
1344 1893 1375 1918 M
1384 1900 1402 1918 u
1411 1893 1485 1918 elle
1493 1901 1515 1918 r.

905 1933 943 1958 M.
962 1933 976 1957 2
985 1933 1031 1957 ,40
1052 1931 1134 1956 3.60.

957 1971 1097 1999 Satiren.
1121 1971 1256 1996 Kritisch
1270 1970 1455 2002 hergestellt,
1468 1969 1610 1994 metriscli

903 2009 1054 2033 abersetzt
1069 2015 1097 2032 u.
1112 2007 1166 2032 mit
1180 2007 1377 2031 Kommentar
1392 2006 1538 2030 versehen
1551 2011 1610 2030 von

905 2043 934 2069 C.
949 2043 1140 2068 Kirchner
1159 2050 1187 2067 u.
1202 2042 1247 2067 W.
1264 2041 1291 2066 S.
1307 2041 1470 2066 Teuffel.
1504 2041 1518 2065 2
1539 2040 1602 2065 vol-l

905 2080 943 2105 AL
964 2080 1059 2105 16.40.

958 2134 1025 2138 ——
1045 2119 1111 2144 Lat.
1131 2126 1158 2143 u.
1180 2118 1305 2143 deutsch
1326 2125 1361 2142 m.
1383 2117 1532 2142 Erlauter.
1552 2123 1611 2142 von

906 2156 937 2180 L.
958 2154 1175 2180 Doderlein.
1213 2154 1251 2179 ,AL
1271 2154 1283 2178 7
1294 2167 1339 2177 .—

870 2211 938 2215 —-
959 2210 1026 2214 ——
1041 2196 1122 2221 siehe
1137 2196 1228 2220 auch:
1250 2194 1370 2226 Satura,
1384 2202 1408 2218 V.
1423 2193 1609 2218 Bliimner.

870 2252 938 2256 —-
959 2235 1120 2269 Episteln.
1156 2236 1221 2261 Lat.
1243 2243 1270 2260 u.
1292 2235 1417 2260 deutsch
1437 2242 1474 2259 m.
1494 2234 1610 2259 Erlaut.

905 2272 1247 2335 anhssDoderlein.
1283 2270 1327 2301 [Β.
1348 2271 1363 2294 Ι
1383 2271 1491 2301 vergn]
1524 2269 1556 2294 B.
1570 2269 1610 2294 11.

852 2359 938 2396 χ-
959 2329 1072 2382 {Bi-ieie,
1099 2349 1137 2375 im
1158 2346 1302 2386 Qeremass
1327 2348 1374 2374 ‘oet
1399 2344 1531 2378 utiensi&
1555 2349 1613 2372 ner·

851 2402 854 2451 Ι
907 2384 1094 2447 ἓῗυῧῗὲῗὲἆι
1107 2382 1376 2445 ἓὲἓῗαεηιειῖῒετ
1392 2388 1419 2408 u.
1435 2381 1468 2408 Σ).
1481 2378 1612 2408 acuet.

1567 1881 1628 1918 16.³

149 2480 213 2515 Die
237 2481 398 2516 seiten
426 2479 561 2515 Zifl'ern
587 2478 788 2514 verstehen
812 2477 893 2513 sich
917 2476 980 2513 fiir
1005 2477 1300 2522 flebundene
1325 2473 1543 2519 Exemplare
