1619 2556
285 134 338 173 52
721 144 762 174 v.
796 143 876 175 ΕΙΣ
905 143 1185 176 AHMHTPAN.

287 254 575 304 νοσφισθεῖσα
595 250 716 291 θεῶν
735 245 899 304 ἀγορὴν
922 249 993 291 καὶ
1012 245 1180 304 μακρὸν
1196 246 1422 306 ’Όλυμπον

287 313 411 375 ᾤχετ’
433 312 503 359 ἐπ’
526 313 778 370 ἀνθρώπων
798 316 950 366 πόλιας
969 316 1040 359 καὶ
1060 320 1190 360 πίονα
1209 321 1328 373 ἔργα,

285 384 396 435 εἶδος
415 381 727 440 ἀμαλδύνουσα
747 383 887 428 πολὺν
909 382 1087 440 χρόνον·
1115 381 1223 428 οὐδέ
1238 403 1301 436 τις
1319 383 1496 442 ἀνδρῶν

284 450 492 507 εἰσορόων
511 457 697 507 γίνωσκε
718 451 991 509 βαθυζώνων
1010 469 1055 496 τε
1074 455 1314 508 γυναικῶν,
1570 465 1613 500 95

283 525 388 575 πρίν
407 518 451 576 γ’
472 518 542 563 ὅτε
564 519 617 577 δὴ
636 525 817 564 Κελεοῖο
839 523 1116 577 δαίΛφρονος
1097 538 1214 564 ικετο
1237 523 1373 578 δῶμα
1411 524 1414 527 ’

282 586 327 640 ὃς
343 586 431 633 τότ’
450 586 690 639 Ἐλευσῖνος
708 590 925 645 θυοέσσης
943 594 1146 644 κοίρανος
1166 607 1255 644 ηεν.

281 659 394 710 ε’ζετο
417 654 458 700 δ’
482 654 611 713 ἐγγὺς
630 654 750 701 ὁδοῖο
770 661 902 713 φίλον
921 658 1148 714 τετιημένη
1169 675 1286 713 ητορ.

280 729 522 784 Παρθενίῳ
544 726 720 781 φρέατι,
767 723 877 769 ὅθεν
897 722 1137 779 ὑδρεύοντο
1158 730 1345 778 πολῖται,

281 794 329 838 ἐν
348 796 470 850 σκιῇ,
495 790 632 849 αὐτὰρ
654 791 822 849 ὕπερθε
842 793 1030 851 πεφύκει
1049 792 1220 850 θάμνος
1241 796 1399 852 ἐλαίης,
1549 808 1612 841 100

279 867 384 918 γρηι·
402 863 659 917 παλαιγενέϊ
675 863 940 917 ἐναλίγκιος,
969 859 997 918 ἤ
1015 879 1059 905 τε
1081 860 1224 905 τόκοιο

281 937 476 986 εἴργηται
498 928 653 984 δώρων
673 948 717 974 τε
737 928 1064 986 φιλοστεφάνου
1081 926 1350 987 Ἀφροδίτης

279 995 372 1042 οἷαί
389 1015 433 1041 τε
456 1000 609 1054 τροφοὶ
631 999 713 1042 εἰσὶ
733 997 1066 1055 θεμιστοπόλωι
1087 997 1310 1055 βασιλήων

278 1069 453 1110 παίδων
472 1067 541 1109 καὶ
564 1071 711 1123 ταμίαι
732 1084 838 1110 κατα
860 1070 1036 1124 δωματα
1058 1063 1254 1122 ἠχήεντα.

279 1133 357 1191 τὴν
377 1134 422 1178 δὲ
446 1137 543 1178 [δον
563 1138 743 1178 Κελεοῖο
765 1131 1060 1179 Ἐλευσινίδαο
1082 1133 1313 1190 θύγατρες.
1547 1147 1611 1181 105

279 1201 505 1260 ἐρχόμεναι
525 1200 631 1259 μεθ’
653 1200 776 1258 ὕδωρ
798 1200 1033 1259 εὐήρυτον,
1061 1199 1178 1258 ὄφρα
1199 1204 1370 1259 φέροιει

277 1269 453 1315 κάλπισι
475 1276 699 1327 χαλκείῃσι
719 1276 826 1327 φίλα
846 1270 952 1327 πρὸς
975 1270 1151 1327 δώματα
1173 1269 1346 1326 πατρὸς,

276 1340 502 1394 τέσσαρες,
532 1336 642 1383 ω’στε
660 1340 786 1390 θεαὶ,
815 1339 1024 1397 κουρήιον
1043 1336 1182 1390 ἄνθος
1204 1344 1392 1396 ἔχουσαι,

279 1410 522 1463 Καλλιδίκη
541 1408 614 1451 καὶ
633 1410 891 1464 Κλεισιδίκη
911 1406 1050 1464 Δημώ
1069 1405 1107 1450 τ’
1128 1407 1310 1463 ερόεσσα

276 1474 505 1531 Καλλιθόη
526 1473 577 1518 θ’
583 1473 651 1531 η’
670 1493 758 1519 των
779 1474 1102 1532 προγενεστάτη
1124 1476 1201 1531 ήεν
1225 1473 1426 1519 ἁπασων·
1551 1486 1610 1519 110

275 1540 375 1587 οὐδ’
398 1548 562 1600 ἔγνων
591 1544 771 1600 χαλεποὶ
793 1543 839 1587 δε
858 1545 957 1589 θεοὶ
976 1550 1211 1600 θνητοῖσιν
1230 1540 1430 1599 ὁρᾶσθαι.

274 1609 411 1668 ἀγχοῦ
433 1609 477 1655 δ’
496 1610 722 1667 ἱστάμεναι
744 1616 850 1657 ἔπεα
870 1611 1110 1668 πτερόεντα
1133 1611 1417 1668 προσηύδων·

378 1684 452 1730 Τίς
473 1678 616 1724 πόθεν
635 1681 724 1724 έσσὶ
749 1682 863 1737 γρῆῦ
881 1681 1185 1737 παλαιγενέων
1204 1677 1478 1736 άνθρώπων;

274 1752 393 1792 τίπτε
417 1747 464 1792 δὲ
484 1747 615 1804 νόσφι
636 1748 796 1804 πόληος
817 1745 1064 1805 ἀπέστιχες,
1094 1745 1198 1792 οὐδὲ
1219 1747 1388 1804 δόμοισι

274 1817 426 1874 πιλνᾴς
457 1820 568 1860 ἔνθα
588 1826 794 1872 γυναῖκες
815 1813 898 1859 άνὰ
916 1819 1084 1874 μέγαρα
1103 1815 1305 1860 σκιόεντα
1546 1825 1608 1859 115

272 1888 441 1940 τηλίκαι
455 1918 464 1935 ,
496 1880 553 1935 ὦς
573 1882 628 1927 σύ
646 1901 728 1937 περ
750 1878 836 1929 ὦδε
849 1919 858 1929 .
891 1886 963 1929 καὶ
982 1882 1215 1939 ὁπλότεραι
1234 1882 1455 1941 γεγάασιν,

271 1954 319 1996 αἵ
335 1952 388 1996 κέ
403 1964 451 1994 σε
472 1957 688 2008 φίλωνται
710 1949 818 2009 ἠμὲν
838 1956 931 1996 ἔπει
952 1950 1028 2010 ἠδὲ
1048 1953 1121 1996 καὶ
1140 1956 1265 2011 ἔργῳ.

365 2017 444 2070 “Ὼς
464 2024 598 2076 ἔφαν·
627 2017 654 2077 ἡ
675 2017 719 2064 δ’
741 2022 942 2066 ἐπέεσσιν
962 2019 1164 2078 ἀμείβετο
1184 2019 1321 2064 πότνα
1341 2017 1509 2062 θεάων·

274 2089 402 2132 τέκνα
422 2086 535 2143 φίλ’.
568 2091 729 2139 αἵτινες
750 2088 844 2133 ἐστὲ
864 2091 1090 2145 γυναικῶν
1111 2086 1412 2145 θηλυτεράων,

271 2152 458 2212 χαίρετ’·
492 2154 577 2211 ἐγώ
600 2153 643 2200 δ’
665 2153 772 2211 ὑμῖν
791 2155 1070 2213 μυθήσομαι·
1100 2155 1153 2200 οὔ
1172 2173 1238 2200 τοι
1256 2153 1397 2206 ἀεικὲς
1544 2164 1606 2198 120

273 2220 377 2280 ὑμῖν
398 2225 675 2280 εἰρομένῃσιν
695 2220 864 2281 ἀληθέα
885 2224 1189 2281 μυθήσασθαι.

273 2290 373 2343 Λώς
393 2291 473 2348 μὲν
493 2293 591 2347 ἐμοί
605 2290 648 2348 γ’
669 2289 793 2349 ὄνομ’
817 2295 926 2337 ἐστί·
955 2291 1001 2335 τὸ
1024 2290 1105 2349 γὰρ
1125 2293 1230 2336 θέτο
1250 2289 1405 2334 πότνια
1423 2286 1575 2345 μήτηρ.
1618 2300 1619 2323 i

275 2361 357 2403 νῦν
379 2353 482 2403 αὖτε
504 2358 739 2416 Κρήτηθεν
760 2358 829 2405 ἐπ’
852 2357 979 2415 εὐρέα
1003 2363 1116 2404 νῶτα
1135 2357 1359 2415 θαλάσσης
