1619 2556
544 125 609 156 111.
642 124 721 156 ΕΙΣ
746 125 926 156 EPMHN.
1353 112 1404 151 35

81 230 129 286 ῆέ
143 248 205 281 τις
224 228 460 273 ἀθανάτων
484 227 526 284 ἠὲ
547 232 727 285 θνητῶν
746 226 997 282 ἀνθρώπων

80 301 222 353 δωρον
241 295 406 353 ἀγαυὸν
426 301 560 341 ἔδωκε
580 299 651 340 καὶ.
672 301 834 352 ἔφρασε
856 298 1018 340 θέσπιν
1036 294 1211 350 ἀοιδήνς

78 370 332 422 θαυμασίην
352 364 436 421 γὰρ
457 364 588 420 τήνδε
608 363 829 420 νεήφατον
849 362 986 408 ὄσσαν
1002 362 1164 417 ἀκούω,

79 430 133 489 ἣν
157 430 210 477 οὐ
229 431 404 476 πώποτέ
420 450 529 489 φημι
551 432 762 489 δαήμεναι
787 429 886 476 οὔτε
906 430 993 476 τιν’
1015 429 1205 487 ἀνδρῶν,

79 499 178 545 οὕτε
199 498 284 544 τιν’
305 498 542 544 ἀθανάτων
561 506 605 544 οἳ
618 499 828 556 Ὀλύμπια
852 497 1017 556 δώματ’
1039 504 1201 555 έχουσι,
1340 508 1406 542 445

79 568 209 625 νόσφι
229 570 383 612 σέθεν.
413 571 605 624 φηλῆτα,
634 567 743 618 Διὸς
764 569 835 611 καὶ
854 567 1058 617 Μαιάδος
1077 568 1156 610 υἷέ.

44 658 47 659 ’
79 642 142 688 τίς
159 637 307 692 τέχνη,
335 642 398 687 τίς
417 639 559 692 μοῦσα
578 634 837 693 ἀμηχανέων
856 634 1130 693 μελεδώνων,

81 710 142 755 τίς
160 709 324 760 τρίβος·
355 702 567 759 ἀτρεκέως
587 703 667 760 γὰρ
689 703 775 761 ἅμα
796 709 893 761 τρία
913 703 1055 748 πάντα
1074 701 1296 758 πάρεστιν,

81 770 361 828 εὐφροσύνην
379 773 452 816 καὶ
472 777 609 828 ἔρωτα
629 774 701 816 καὶ
724 771 889 829 ἥδυμον
908 770 1050 815 ὕπνον
1071 771 1258 816 ἑλέσθαι.

80 842 152 884 καὶ
171 839 253 897 γὰρ
274 839 357 896 ἐγώ
377 839 614 897 Μούσῃσιν
632 838 994 897 Ὀλυμπιάδεσσιν
1013 836 1186 895 ὀπηδὸς,
1341 848 1408 881 450

80 912 177 965 τῇσι
200 913 323 964 χοροί
338 926 381 951 τε
401 910 580 965 μέλουσι
601 910 672 952 καὶ
692 906 991 965 ἀγλαὸςόἷμος
1010 905 1172 963 ἀοιδῆς,

81 978 152 1020 καὶ
171 974 313 1033 μολπὴ
333 981 545 1021 τεθαλυῖα
566 977 637 1020 καὶ
657 975 842 1033 ἱμερόεις
862 975 1021 1033 βρόμος
1040 972 1208 1019 αὐλών·

81 1041 181 1088 ἀλλ’
201 1042 322 1087 οἷῖπω
342 1049 386 1088 τί
402 1061 473 1100 μοι
495 1038 579 1088 ὦδε
599 1043 705 1101 μετὰ
725 1045 884 1101 φρεσὶν
904 1043 1007 1088 ἄλλο
1027 1045 1227 1100 μέλησεν,

81 1109 151 1156 οἷα
171 1114 285 1156 νέων
303 1117 461 1168 θαλίῃς
481 1113 684 1165 ἐνδέξια’
669 1117 773 1170 έργα
794 1110 1010 1157 πέλονται.

81 1179 313 1236 θαυμάζω.
346 1178 455 1231 Διὸς
474 1183 564 1225 υιε.
596 1178 715 1224 τάδ’.
746 1178 802 1232 ὡς
823 1178 978 1236 ἐρατὸν
997 1183 1246 1235 κιθαρίζεις.
1343 1188 1409 1221 455

85 1251 166 1292 νῦν
189 1245 229 1291 δ’
252 1248 344 1291 ἐπεὶ
363 1266 444 1291 ουν
463 1246 606 1304 ὀλίγος
626 1266 707 1304 περ
731 1248 815 1293 ἐών
834 1247 969 1292 κλυτὰ
991 1246 1129 1304 μήδεα
1148 1244 1283 1296 οἶδας

85 1312 164 1369 ἷζε.
193 1317 353 1365 πέπον
383 1317 456 1360 καὶ
474 1319 621 1372 μῦθον
642 1319 810 1361 ἐπαίνει
830 1317 1185 1374 πρεσβυτέροισι·

83 1386 166 1427 νῦν
185 1382 266 1440 γάρ
286 1401 350 1427 τοι
371 1385 493 1434 κλέος
513 1389 630 1429 ἐσται
652 1387 700 1429 ἐν
717 1383 977 1429 ἀθανάτοισι
996 1391 1156 1434 θεοισι,

84 1456 156 1495 σοι’
171 1449 209 1494 τ’
231 1449 349 1495 αὐτω
369 1452 440 1496 καὶ
459 1451 686 1535 μητρί·τὸ
708 1451 751 1496 δ’
774 1450 986 1509 ἀτρεκέως
1007 1447 1251 1509 ἀγορεύσω·
1348 1503 1351 1510 ¹

88 1520 156 1563 ναὶ
175 1518 232 1575 μὰ
251 1498 350 1563 τόδε
370 1521 601 1573 κρανέϊνον
622 1519 850 1574 ἀκόντιον,
881 1523 906 1577 ἠ
928 1521 1007 1601 μὲν
1028 1519 1111 1576 ε’γώ
1131 1531 1179 1562 σε.
1343 1525 1411 1559 460

84 1595 104 1619 ⁴¹
125 1585 332 1642 κυδρὸν’
311 1605 359 1631 εν
378 1585 637 1632 ἀθανάτοισι
659 1589 731 1633 καὶ
749 1587 901 1646 ὄλβιον
919 1587 1212 1645 ἡγεμονεύσω,

86 1654 211 1698 δώσω
230 1653 271 1698 τ’
293 1653 431 1711 ἀγλαοὶ
452 1659 570 1711 δῶρα
590 1658 661 1701 καὶ
682 1659 723 1708 ἐς
742 1658 862 1709 τέλος
881 1654 961 1701 οὐκ
981 1654 1200 1712 ἀπατήσω.

194 1721 278 1766 Τὸν
299 1721 341 1767 δ’
357 1721 511 1780 Ἐρμῆς
529 1724 738 1781 μύθοισιν
758 1723 960 1782 ἀμείβετο
980 1726 1298 1780 κερδαλέοισιν·

89 1793 282 1849 Εἰρωτᾷς
301 1789 362 1847 μ’.
389 1789 611 1849 Ἐκάεργε,
643 1794 910 1848 περιφραδές
924 1805 933 1814 ·
964 1790 1101 1847 αὐτὰρ
1122 1790 1205 1847 ἐγώ
1226 1803 1292 1833 σοι

88 1859 234 1914 τέχνης
254 1855 459 1915 ἡμετέρης
479 1859 736 1916 ἐπιβήμεναι
751 1859 846 1904 οὔτι
865 1865 1071 1917 μεγαίρω.
1344 1867 1410 1900 465

86 1925 273 1982 σήμερον
294 1926 477 1983 εἰδήσεις
490 1941 499 1949 ·
528 1930 665 1972 ἐθέλω
688 1930 738 1972 δέ
754 1946 818 1972 τοι
838 1926 964 1984 ἤπιος
984 1928 1095 1972 εἶναι

89 1996 225 2051 βουλῇ
244 1995 315 2038 καὶ
334 1994 514 2051 μύθοισι
527 2008 536 2017 ·
565 1994 618 2039 σὺ
639 1996 686 2040 δὲ
705 1997 834 2052 φρεσὶ
854 1993 983 2039 πάντ’
1007 1989 1056 2040 εὖ
1075 1994 1207 2044 οἶδας.

86 2064 254 2116 πρῶτος
271 2060 375 2118 γὰρ..
403 2062 509 2114 Διὸς
528 2063 617 2117 υἱὲ,
646 2062 740 2120 μετ’
762 2061 1021 2107 ἀθανάτοισι
1041 2062 1264 2113 θαάσσεις,

87 2127 164 2185 ἠΰς
182 2147 226 2173 τε
247 2130 451 2186 κρατερός
469 2149 514 2175 τε
528 2143 537 2153 ·
566 2136 688 2186 φιλεῖ
705 2133 756 2175 δέ
772 2144 818 2175 σε
838 2136 1014 2188 μητίετα
1033 2128 1140 2181 Ζεὺς

88 2199 134 2240 ἐκ
152 2196 291 2253 πάσης
310 2195 448 2255 ὁσίης.
479 2203 636 2255 ἔπορεν
656 2200 707 2242 δέ
720 2217 786 2243 τοι
805 2197 944 2255 ἀγλαὰ
965 2201 1082 2254 δῶρα
1343 2209 1411 2240 470

88 2283 160 2308 και
178 2264 322 2322 τιμάς·
353 2266 398 2310 σὲ
420 2269 471 2311 δέ
487 2280 595 2323 φασι
617 2265 828 2322 δαήμεναι
849 2269 896 2310 ἐκ
917 2265 1023 2316 Διὸς
1041 2264 1182 2321 ὀμφῆς

88 2338 313 2387 μαντείας,
335 2330 556 2390 Ἑκάεργε·
584 2333 691 2385 Διὸς
710 2334 791 2390 γὰρ
811 2336 1011 2389 θέσφατα
1031 2333 1192 2377 πάντα·

1087 2409 1110 2448 3
1123 2407 1141 2429 *
