1619 2556
198 120 249 158 66
543 130 622 162 VII.
656 129 906 163 ΔΙΟΝΤΣΟΣ
932 130 967 163 Η
990 131 1188 167 ΛΗΣΤΑΙ.

814 250 914 291 VII.

603 340 855 374 ΔῙοΝΤΣοΣ
877 342 912 374 Η
937 341 1135 376 ΛΗΣΤΑΙ.

297 433 425 491 Ἀμφὶ
444 436 702 488 Διώνυσον,
731 437 927 492 Σεμέλης
947 438 1169 492 ἐρικυδέος
1188 438 1295 482 υίὸν.

193 503 411 559 μνήσομαι
424 536 435 556 ,
466 501 522 555 ὡς
542 503 682 562 ἐφάνη
703 503 819 559 παρὰ
838 501 934 548 θῖν’
957 502 1058 555 ἁλὸς
1078 501 1330 561 ἀτρυγέτοιο

195 568 305 627 ἀκτῇ
325 572 395 615 ἐπὶ
414 575 626 628 προβλῆτι
646 577 798 628 νεηνίῃ
819 569 947 626 ἀνδρὶ
968 570 1132 625 ἐοικώς,

194 638 433 695 πρωθήβῃ·
462 641 589 683 καλαὶ
611 640 657 684 δὲ
678 645 978 694 περισσείοντο
1000 645 1168 695 ἔθειραι

192 706 398 762 κυάνεαι,
427 710 567 762 φᾶρος
588 708 634 751 δὲ
660 709 759 763 περὶ
779 712 1000 763 στιβαροῖς
1022 712 1119 763 ἔχεν
1139 705 1270 764 ὤμοις
1506 723 1528 756 5

192 774 463 830 πορφύρεον·
500 775 607 831 τάχα
629 773 672 820 δ’
699 773 858 830 ἄνδρες
878 777 1120 832 ἐϋσσέλμου
1139 773 1222 819 άπὸ
1243 776 1347 833 νηὸς

194 844 362 898 ληισταὶ
381 845 647 899 προγένοντο
668 847 784 894 θοῶς
805 844 875 888 ἐπὶ
894 851 1051 888 οἴνοπα
1071 843 1245 899 πόντον,

198 915 435 967 Τυρσηνοί·
463 910 564 962 τοὺς
585 909 630 955 δ’
653 905 729 968 ἦγε
748 911 880 961 κακὸς
899 911 1049 968 μόρος·
1077 915 1123 955 oc
1137 911 1184 956 δὲ
1205 911 1372 963 ἰδόντες

190 980 355 1022 νεῦσαν
375 981 417 1030 ἐς
435 976 672 1036 ἀλλήλους,
702 978 808 1035 τάχα
830 977 873 1023 δ’
899 984 1109 1033 ἔκθορον·
1140 979 1248 1026 αἶψα
1269 978 1310 1024 δ’
1332 980 1503 1033 ἑλόντες

193 1044 316 1091 εἷσαν
336 1050 406 1092 ἐπὶ
426 1050 637 1105 σφετέρης
657 1048 758 1104 νηὸς
779 1050 1064 1104 κεχαρημένοι
1086 1043 1199 1104 ἦτορ.
1487 1062 1526 1094 10

193 1114 288 1159 υἱὸν
308 1115 389 1171 γάρ
409 1134 485 1172 μιν
506 1121 667 1171 ἔφαντο
690 1118 958 1171 διοτρεφέων
978 1116 1192 1172 βασιλήωι

193 1183 325 1232 εἶναι,
357 1185 429 1227 καὶ
451 1187 625 1240 δεσμοῖς
645 1189 803 1229 ἔθελον
825 1187 919 1228 δεῖν
938 1181 1201 1239 ἀργαλέοισι.

191 1250 266 1294 τὸν
288 1250 331 1295 δ’
353 1249 434 1295 οὐκ
454 1258 604 1307 ι”σχανε
628 1251 784 1309 δεσμὰ.
816 1251 941 1307 λύγοι
964 1249 1006 1296 δ’
1027 1250 1111 1296 άπὸ
1133 1251 1287 1307 τηλόσε
1306 1263 1468 1297 πῖπτον

189 1322 349 1375 χειρῶν
369 1318 445 1376 ἠδὲ
469 1322 641 1364 ποδῶν·
672 1317 694 1363 ὁ
718 1320 764 1364 δὲ
783 1320 994 1376 μειδιάων
1015 1319 1203 1376 ἐκάθητο

189 1385 349 1444 ὄμμασι
370 1389 616 1432 κυανέοισι·
644 1387 914 1444 κυβερνήτης
934 1388 980 1432 δὲ
1001 1387 1158 1443 νοήσας
1481 1400 1522 1432 15

189 1452 344 1499 αὐτίκα
365 1453 428 1506 οἷς
449 1455 668 1510 ἑτάροισιν
689 1457 885 1500 ἐκέκλετο
908 1455 1114 1511 φώνησέν
1134 1473 1178 1498 τε
1192 1467 1200 1475 ·

290 1522 547 1579 Δαιμόνιοι,
577 1529 674 1567 τίνα
695 1522 821 1567 τόνδε
840 1522 950 1567 θεὸν
971 1520 1206 1579 δεσμεύεθ’
1228 1521 1412 1577 ἑλόντες,

188 1591 421 1645 καρτερόν;
450 1588 554 1636 οὐδὲ
575 1593 728 1647 φέρειν
749 1591 936 1635 δύναταί
951 1610 1027 1648 μιν
1046 1593 1152 1646 νηῦς
1173 1587 1364 1646 εὐεργής.

188 1655 214 1713 ἦ
233 1658 314 1714 γὰρ
337 1659 446 1710 Ζευς
465 1657 540 1703 ὅδε
561 1656 604 1716 γ’
627 1660 744 1704 ἐστὶν
767 1656 790 1715 ἧ
808 1657 1095 1715 ἀργυρότοξος
1113 1656 1332 1702 Ἀπόλλων

189 1724 233 1781 ἠὲ
254 1727 534 1771 Ποσειδάων·
565 1729 658 1771 ἐπεὶ
676 1724 728 1770 οὐ
747 1733 950 1783 θνητοῖσι
970 1732 1194 1782 βροτοῖσιν
1474 1737 1519 1769 20

187 1800 372 1845 εἴκελος.
402 1792 510 1838 ἀλλὰ
530 1801 672 1846 θεοῖς.
701 1800 744 1838 οἳ
759 1792 968 1851 Ὀλύμπια
990 1791 1152 1850 δώματ’
1176 1798 1360 1848 ἔχουσιν.

186 1859 283 1905 ἀλλ’
306 1860 442 1918 ἄγετ’.
475 1856 598 1913 αὖτις
618 1861 800 1919 άφῶμεν
820 1860 888 1906 ἐπ’
914 1860 1105 1918 ἠπείροιο
1125 1865 1332 1917 μελαίνης

185 1927 364 1974 αὐτίκα·
393 1928 497 1986 μηδ’
521 1932 591 1974 ἐπὶ
611 1942 756 1986 χεῖρας
777 1929 965 1981 ἰάλλετε,
993 1929 1050 1986 μή
1072 1949 1111 1973 τι
1130 1929 1341 1985 χολωθεὶς

184 1996 293 2054 ὄρσῃ
312 1996 551 2054 ἀργαλέους
571 1996 611 2041 τ’
633 1996 818 2053 άνέμους
838 1999 909 2041 καὶ
929 2002 1118 2041 λαίλαπα
1136 1993 1311 2051 πολλήν.

277 2063 354 2116 Ὦς
373 2064 505 2121 φάτο·
538 2065 613 2109 τὸν
635 2064 675 2110 δ’
697 2064 824 2121 άρχὸς
845 2068 1042 2123 στυγερῷ
1063 2063 1251 2120 ἠνίπαπε
1269 2063 1400 2122 μύθῳ
1414 2077 1422 2085 ·
1470 2075 1513 2108 25

185 2131 394 2190 δαιμόνι’,
425 2127 560 2188 οὖρον
579 2132 680 2187 ὅρα.
710 2131 796 2189 ἅμα
819 2131 861 2176 δ’
884 2136 1020 2176 ι”στίον
1040 2136 1161 2177 ἕλκεο
1185 2129 1282 2186 νηὸς

184 2200 269 2257 σύμ
289 2198 428 2245 πάνθ’
449 2199 561 2245 ὅπλα
584 2199 753 2257 λαβών·
782 2199 857 2244 ὅδε
879 2198 920 2244 δ’
942 2194 1042 2244 αὖτ’
1063 2198 1271 2255 ἄνδρεσσι
1291 2197 1474 2256 μελήσει.

183 2273 389 2325 ἔλπομαι,
421 2265 446 2325 ἢ
466 2276 694 2325 Αἴγυπτον
716 2266 913 2323 άφίξεται
939 2264 962 2324 ἢ
980 2266 1054 2323 ὅγε
1076 2266 1260 2321 Κύπρον

182 2333 208 2391 ἦ
227 2339 269 2387 ἐς
283 2335 595 2391 Ὑπερβορέους
619 2334 641 2391 ἢ
662 2337 897 2389 ἑκαστέρω·
927 2338 969 2386 ἐς
989 2335 1035 2378 δὲ
1055 2333 1260 2388 τελευτὴν
