1619 2556
547 107 612 139 m.
644 107 724 138 ΕΙΣ
750 108 928 141 EPMHN.
1354 99 1404 138 25

92 211 239 269 ῥινοὺς
259 209 301 256 δ’
324 209 574 265 ἐξετάνυσσε
597 212 906 269 καταστυφέλῳ
928 213 998 255 ἐπὶ
1016 213 1164 269 πέτρη,

90 278 145 332 ὡς
164 285 225 325 ἔτι
242 276 396 324 νῦντά
414 279 561 334 μέταζε
580 278 858 335 πολυχρόνιοι
877 278 1082 335 πεφύασι,
1342 291 1405 326 125

93 345 226 404 δηρὸν
246 345 298 403 δὴ
316 343 422 403 μετὰ
440 348 574 390 ταῦτα
592 346 664 389 καὶ
685 344 883 403 ἄκριτον
912 344 1048 404 αὐτὰρ
1069 351 1214 391 ἔπειτα

86 418 238 472 Ἐρμῆς
256 412 520 471 χαρμόφρων
541 412 740 469 εἰρύσατο
759 420 889 458 πίονα
909 419 1012 471 ἔργα

90 487 190 541 λείῳ
212 485 281 527 ἐπὶ
300 483 551 537 πλαταμῶνι
571 483 643 524 καὶ
662 486 802 537 ἔσχισε
824 480 992 526 δώδεκα
1011 488 1162 539 μοίρας

89 555 373 606 κληροπαλεῖς
386 563 394 570 ·
423 550 570 592 τέλεον
591 549 637 592 δὲ
656 551 785 604 γέρας
810 552 1085 606 προσέθηκεν
1104 550 1271 608 ἑκάστῃ.

43 649 46 652 -
88 615 188 662 ἕνθ’
208 615 326 675 ὁσίης
344 614 513 673 κρεάων
533 614 747 673 ἠράσσατο
766 616 946 674 κύδιμος
958 615 1132 674 Ἑρμῆς·
1342 629 1407 662 130

88 683 200 741 ὀδμὴ
218 684 300 741 γάρ
319 702 395 740 μιν
415 688 548 740 ἔτειρε
567 685 640 728 καὶ
658 681 881 728 άθάνατόν
900 703 980 739 περ
1001 683 1126 729 ἐόντα

88 749 188 809 ἡδεῖ
194 750 203 766 ’
255 749 352 797 ἀλλ’
372 747 471 795 οὐδ’
493 750 549 803 ὥς
568 754 612 796 οἱ
626 754 824 796 ἐπείθετο
843 751 984 809 θυμὸς
1003 751 1191 810 άγήνωρ,

88 825 164 864 καί
177 837 222 863 τε
240 816 344 877 μάλ’
366 822 594 876 ἱμείροντι,
625 822 763 875 περᾶν
789 823 904 876 ἱερῆς
923 819 1030 864 κατὰ
1050 824 1206 877 δειρῆς.

87 885 195 931 α’λλὰ
213 887 265 931 τά
284 887 364 943 μὲν
382 888 626 943 κατέθηκεν
645 889 686 936 ἐς
707 885 860 930 αὔλιον
877 885 1195 943 ὑψιμέλαθρον,

90 952 226 1011 δημὸν
245 956 316 998 καὶ
335 955 440 1011 κρέα
459 953 596 998 πολλά
609 989 619 1009 ,
645 954 829 1011 μετήορα
861 953 902 998 δ’
923 953 1018 1007 αἶψ’
1039 954 1227 1012 ἀνάειρε,
1342 968 1405 1002 135

89 1025 201 1079 σῆμα
218 1024 318 1078 νέης
337 1024 486 1078 φωρῆς
499 1033 508 1042 ·
537 1023 607 1066 ἐπὶ
625 1021 671 1065 δὲ
691 1021 794 1074 ξύλα
814 1020 1000 1079 κάγκαν’
1022 1021 1197 1080 ἀγείρας

87 1087 309 1145 οὐλόποδ’,
340 1086 613 1146 οὐλοκάρηνα
632 1087 767 1146 πυρὸς
786 1089 1072 1147 κατεδάμνατ’
1098 1089 1251 1149 άῦτμῇ.

87 1155 223 1213 αὐτὰρ
247 1159 343 1202 ἐπεί
354 1174 420 1201 τοι
440 1156 580 1201 πάντα
600 1155 709 1201 κατα
728 1159 850 1213 χρέος
869 1156 1000 1214 ἤνυσε
1023 1161 1202 1216 δαίμων,

86 1224 281 1269 σάνδαλα
300 1243 380 1281 μεν
399 1225 611 1308 προέηκεν
629 1227 672 1276 ἐς
689 1223 887 1281 Ἀλφειὸν
907 1229 1178 1283 βαθυδιΜνην

86 1290 332 1349 ἀνθρακιὴν
353 1290 397 1336 δ’
424 1291 633 1348 ἐμάρανε,
662 1292 785 1336 κόνιν
811 1291 853 1336 δ’
875 1290 1075 1349 άμάθυνε
1093 1296 1313 1350 μέλαιναν.
1342 1305 1404 1338 140

86 1359 316 1416 Κυλλήνης
336 1357 381 1402 δ’
402 1351 499 1411 αἷψ
520 1360 642 1411 αύτις
662 1358 840 1416 ἀφίκετο
864 1364 935 1404 δια
954 1360 1120 1416 κάρηνα
1342 1373 1403 1406 142

86 1425 287 1483 όρθριος,
316 1424 422 1470 οὐδέ
438 1431 501 1477 τίς
521 1430 566 1470 οι
581 1430 750 1484 δολιχῆς
770 1425 876 1471 ὁδοῦ
895 1425 1186 1485 αντεβόλησεν

85 1493 186 1539 οὔτε
204 1497 325 1539 θεῶν
343 1494 550 1550 μακάρων
569 1493 668 1539 οὔτε
691 1498 870 1551 θνητῶν
888 1493 1151 1553 ἀνθρώπων,

85 1560 185 1607 οὐδὲ
205 1561 334 1612 κύνες
354 1560 607 1606 λελάκοντο·
634 1561 740 1613 Διὸς
761 1560 801 1606 δ’
823 1563 1036 1619 ἐριούνιος
1049 1562 1201 1620 Ἑρμῆς
1343 1576 1403 1607 145

88 1630 326 1687 δοχμωθεὶς
345 1628 548 1685 μεγάροιο
568 1628 640 1674 διὰ
658 1630 871 1686 κλήιθρον
891 1633 1061 1677 ἔδυνεν.

85 1695 197 1754 αὔρῃ
216 1694 413 1753 ὀπωρινῇ
432 1695 802 1755 ἐναλίγκιος,ήύ’τ’
823 1696 986 1755 ὀμίχλη.

84 1765 257 1820 [ἰθύσας
278 1768 303 1808 ὃ
313 1762 322 1778 ’
343 1761 504 1821 ἄντρου
524 1767 683 1818 ἐξίκετο
703 1771 833 1809 πίονα
852 1764 972 1822 νηὸν,

84 1826 166 1889 ῆκα
185 1833 286 1876 ποσὶ
305 1835 550 1888 προβιβῶν·
577 1830 629 1875 ού
648 1831 731 1890 γὰρ
753 1832 940 1889 κτύπεν,
970 1831 1114 1888 ὥσπερ
1135 1830 1206 1876 ἐπ’
1227 1831 1377 1890 οὕὸ“ει.]

85 1902 330 1957 ἐσσυμένως
351 1896 393 1942 δ’
415 1897 498 1955 ἄρα
519 1904 669 1943 λίκνον
690 1899 876 1960 ἐπῴχετο
896 1899 1075 1957 κύδιμος
1088 1897 1264 1957 Ἑρμῆς·
1340 1912 1403 1945 150

85 1966 337 2024 σπάργανον
355 1963 466 2023 ἀμφ’
489 1965 618 2023 ῶμοις
638 1970 859 2024 εἰλυμένος
872 2003 882 2022 ,
909 1965 1013 2024 ήΰτε
1033 1969 1186 2012 τέκνον

85 2041 105 2064 *
124 2034 303 2091 νήπιον,
332 2037 380 2096 ἐν
399 2034 619 2091 παλάμῃσι
638 2053 719 2090 περ
739 2034 884 2091 ἰγνύσι
903 2041 1058 2091 λαῖφος
1077 2033 1273 2091 άθύρων,

84 2113 220 2158 κεῖτο,
249 2104 380 2159 χέλυν
400 2101 557 2159 ἐρατὴν
576 2100 645 2146 ἐπ’
666 2101 869 2159 ἀριστερὰ
887 2101 1026 2159 χειρὸς
1045 2104 1218 2159 ἐέργων.

84 2172 244 2227 μητέρα
266 2168 308 2213 δ’
328 2166 407 2212 οὐκ
427 2167 500 2224 ἄρ’
522 2175 651 2225 ἔληθε
672 2169 784 2214 θεὰν
802 2168 927 2224 θεὸς,
957 2169 1052 2214 εἶπέ
1067 2188 1112 2213 τε
1131 2173 1296 2226 μῦθον·

85 2307 315 2361 παννύχιος·
337 2305 457 2349 καλὸν
479 2310 518 2350 δὲ
539 2309 645 2361 φόως
665 2311 853 2363 ἐπέλαμπε
874 2308 1059 2361 Σελήνης.
1338 2321 1397 2355 141
