1619 2556
107 94 189 127 XVI
222 92 304 125 ΕΙΣ
323 91 542 124 ΑΣΚΑΗΠ.
569 91 685 124 XVII.
703 91 786 124 ΕΙΣ
803 91 965 125 ΔΙΟΣΚ.
993 92 1126 124 XVIII.
1146 93 1227 124 ΕΙΣ
1247 92 1357 124 ΕΡΜ.
1385 84 1429 121 71

705 211 826 252 XVI.

547 303 628 335 ΕΙΣ
661 301 966 335 ΑΣΚΛΗΠΙΟΝ.

203 394 369 454 Ἰητῆρα
389 395 532 440 νόσων
550 394 809 453 Ἀσκληπιὸν
828 393 983 452 ἄρχομ’
1005 393 1183 449 ἀείδειν,

106 462 202 508 υἶόν
218 462 509 520 Ἀπόλλωνος,
537 463 614 508 τὸν
634 465 828 520 ἐγείνατο
850 467 920 508 δῖα
940 464 1140 519 Κορωνὶς

106 537 261 591 Δωτίῳ
282 535 330 576 ἐν
349 535 510 590 πεδίῳ,
546 530 682 588 κούρη
705 530 908 588 Φλεγύου
927 534 1147 588 βασιλῆος,

63 628 66 630 -
104 599 244 656 χάρμα
264 597 365 656 μέγ’
387 597 684 657 ἀνθρώποισι,
720 602 868 643 κακῶν
886 597 1097 656 θελκτῆρ’
1118 596 1331 643 ὀδυνάων.

189 669 277 711 Καὶ
296 665 351 711 σὺ
369 668 451 722 μὲν
470 666 584 712 οὕτω
604 677 741 723 χαῖρε,
763 664 891 720 ἅναξ·
920 672 1090 723 λίτομαι
1113 668 1162 710 δέ
1179 664 1223 709 σ’
1244 664 1382 725 ἀοιδῇ.
1415 681 1434 711 5

697 885 842 926 XVII.
871 904 875 907 ·

527 977 608 1009 ΕΙΣ
641 976 1005 1009 ΔΙοΣΚοΤΡοΤΣ.

202 1073 406 1128 Κάστορα
427 1074 500 1117 καὶ
520 1071 800 1117 Πολυδεύκε’
822 1071 964 1118 ἀείσεο
978 1108 988 1128 ,
1018 1077 1181 1118 Μοῦσα
1201 1080 1354 1133 λίγεια.

106 1144 382 1196 Τυνδαρίδας
394 1176 404 1193 ,
434 1146 478 1185 οἳ
494 1139 634 1197 Ζηνὸς
651 1138 889 1198 Ὀλυμπίου
910 1143 1157 1197 ἐξεγένοντο
1170 1156 1178 1164 ·

99 1207 200 1260 τοὺς
218 1206 303 1253 ὑπὸ
329 1210 552 1265 Ταϋγέτου
571 1212 770 1266 κορυφῇς
789 1211 885 1253 τέκε
906 1209 1061 1253 πότνια
1083 1209 1206 1267 Λήδη

101 1276 244 1333 λάθρη
264 1274 573 1334 ὑποδμηθεῖσα
592 1279 846 1332 κελαινεφέι·
860 1281 1096 1331 Κρονίωνι.

203 1349 409 1401 Χαίρετε,
443 1338 736 1400 Τυνδαρίδαι,
766 1347 932 1400 ταχέων
953 1344 1206 1402 ἐπιβήτορες
1224 1349 1383 1390 ἵππων.
1412 1360 1431 1391 ὸ

682 1561 851 1604 XVIII.

589 1654 685 1687 ΕΙΣ
724 1654 938 1686 EPMHN.

196 1746 358 1805 Ἑρμῆν
382 1746 515 1793 ἀείδω
536 1747 809 1805 Κυλλήνιον,
838 1746 1162 1804 Ἀργειφόντην,

97 1816 329 1873 Κυλλήνης
348 1818 560 1873 μεδέοντα
580 1817 652 1860 καὶ
669 1814 895 1872 Ἀρκαδίης
916 1815 1182 1873 πολυμήλου,

97 1883 284 1941 ἄγγελον
303 1882 541 1929 ἀθανάτων
562 1883 802 1939 ἐριούνιον,
833 1881 884 1926 ὃν
903 1885 996 1927 τέκε
1017 1888 1159 1939 Μαῖα,

87 1950 319 2003 ’Ἄτλαντος
336 1951 561 2009 θυγάτηρ,
595 1950 702 2003 Διὸς
721 1954 769 1996 ἐν
787 1950 984 2008 φιλότητι
1005 1962 1192 2007 μιγεῖσα,

97 2022 263 2076 αἰδοίη·
290 2019 499 2076 μακάρων
521 2019 567 2064 δὲ
586 2023 706 2064 θεῶν
729 2018 925 2064 ἀλέεινεν
944 2016 1110 2074 ὅμιλον,
1406 2030 1425 2061 5

96 2085 241 2146 ἄντρῳ
260 2087 524 2132 ναιετάουσα
545 2092 760 2146 παλισκίῳ
775 2101 783 2109 ·
812 2092 924 2131 ἔνθα
943 2090 1150 2144 Κρονίων

96 2153 248 2213 νύμφῃ
269 2154 529 2214 ἐϋπλοκάμῳ
549 2157 802 2211 μισγέσκετο
822 2153 979 2205 νυκτὸς
999 2153 1189 2215 ἀμολγῷ,

98 2216 195 2267 εὖτε
215 2222 323 2267 κατὰ
343 2222 506 2279 γλυκὺς
525 2221 663 2274 ὕπνος
684 2229 771 2279 ἔχοι
791 2221 1234 2280 λευκώλενονἽΙρην·

96 2290 293 2334 λάνθανε
314 2288 360 2334 δ’
382 2288 633 2341 ἀθανάτους
659 2309 704 2335 τε
724 2289 858 2342 θεοὺς
877 2290 1070 2347 θνητούς
1088 2289 1130 2334 τ’
1151 2288 1426 2346 ἀνθρωπουςΔ
