1619 2556
524 133 1026 167 BATPAXOMTOMAXIA.
1387 124 1440 164 99

115 241 360 298 χρησαμένη
378 239 461 296 γὰρ
482 238 633 296 ὕφανα
652 240 724 282 καὶ
742 236 822 282 οὐκ
842 243 923 294 ἔχω
943 236 1280 283 ἀνταποδοῦναι.

114 306 211 353 ἀλλ’
231 305 329 353 οὐδ’
343 305 410 359 ὥς
428 307 709 364 βατράχοισιν
729 305 945 364 ἀρηγέμεν
964 304 1043 350 οὐκ
1063 306 1271 364 ἐθελήσω.

116 377 197 421 εἰσὶ
215 375 298 432 γὰρ
317 373 418 420 οὐδ’
438 373 562 419 αὐτοὶ
583 377 748 432 φρένας
766 378 944 431 ἔμπεδοι
957 409 967 429 ,
995 371 1104 417 ἀλλά
1123 393 1176 430 με
1196 374 1349 432 πρώην

115 446 161 488 ἐκ
180 445 371 501 πολέμου
389 441 625 497 ἀνιοῦσαν,
657 443 750 487 ἐπεὶ
770 447 869 498 λίην
889 441 1136 499 ἐκοπώθην,

114 509 258 555 ὕπνου
278 513 519 568 δευομένην
537 508 617 555 οὐκ
638 518 791 555 εἴασαν
809 513 1108 567 θορυβοῦντες
1378 520 1441 556 190

114 577 214 623 οὐδ’
234 577 383 636 ὀλίγον
402 582 666 637 καταμῦσαι·
696 576 780 635 ἐγώ
802 575 843 621 δ’
864 576 1030 629 ἄυπνος
1049 583 1322 634 κατεκείμην,

51 650 54 651 ’
114 646 193 705 τὴν
211 646 410 704 κεφαλὴν
428 645 621 703 ἀλγοῦσα
635 682 644 699 ,
674 649 755 697 ἕως
774 644 956 703 ἐβόησεν
975 644 1181 702 ἀλέκτωρ.

115 713 213 759 ἀλλ’
235 713 312 771 ὄῖγε
333 715 654 772 παυσώμεσθα,
685 715 807 768 θεοὶ,
836 713 1055 758 τούτοισιν
1075 712 1268 770 ἀρήγειν,

114 782 171 840 μή
190 782 246 826 νύ
265 801 329 834 τις
347 781 510 840 ἡμείων
528 784 681 839 τρωθῇ
699 784 816 838 βέλει
836 779 1051 835 ὀξυόεντι·

115 852 197 895 εἰσὶ
217 849 299 906 γὰρ
320 848 572 908 ἀγχέμαχοι,
605 850 676 894 καὶ
697 854 736 894 εί
752 847 1028 912 θεόςθάντίον
1047 855 1192 895 ἔλθοι·
1263 852 1357 906 [196]
1383 859 1443 893 195

115 918 273 969 πάντες
293 917 336 962 δ’
357 916 606 973 οὐρανόθεν
624 916 887 974 τερπώμεθα
907 921 1033 974 δῆριν
1052 915 1249 973 ὁρῶντες.

208 984 287 1037 (Ὡς
307 984 377 1042 ἄρ’
400 991 503 1044 ἔφη·
531 989 584 1044 τῇ
606 984 648 1030 δ’
669 979 769 1029 αὖτ’
792 987 1078 1030 ἐπεπείθοντο
1097 987 1195 1030 θεοὶ
1213 984 1351 1039 ἄλλοι,

116 1054 274 1105 πάντες
292 1051 406 1111 ὁμῶς
427 1052 470 1098 δ’
493 1057 701 1111 εἰσῆλθον
720 1052 893 1104 ἀολλέες
913 1058 972 1104 εἰς
992 1056 1068 1099 ἕνα
1089 1057 1241 1110 χῶρον.

116 1123 187 1166 καὶ
206 1120 301 1165 τότε
320 1121 526 1173 κώνωπες
546 1121 734 1179 μεγάλας
754 1120 995 1178 σάλπιγγας
1015 1127 1185 1178 ἔχοντες
1349 1122 1443 1172 [201]

118 1188 265 1234 δεινὸν
283 1189 545 1246 ἐσάλπιγξαν
564 1191 754 1245 πολέμου
775 1188 958 1233 κτύπον·
987 1188 1237 1245 οὐρανόθεν
1257 1187 1303 1232 δὲ
1376 1198 1444 1231 200

117 1256 226 1308 Ζεὺς
246 1262 464 1314 Κρονίδης
484 1257 718 1314 βρόντησε,
749 1258 874 1312 τέρας
893 1259 1094 1313 πολέμοιο
1115 1267 1277 1301 κακοῖο.

216 1328 398 1380 Πρῶτος
419 1323 462 1369 δ’
477 1322 682 1382 ’Υψιβόας
701 1325 943 1382 Λειχήνορα
963 1323 1118 1369 οὔτασε
1143 1326 1267 1378 δουρὶ

116 1391 283 1438 ἑσταότ’
305 1395 354 1437 ἐν
372 1392 609 1450 προμάχοις
628 1391 736 1436 κατὰ
753 1395 943 1450 γαστέρα
965 1396 1006 1443 ἐς
1026 1395 1160 1450 μέσον
1178 1386 1316 1449 ἧπαρ·
1349 1393 1444 1445 [205]

115 1459 201 1505 κάδ
221 1458 262 1505 δ’
283 1464 438 1505 ἔπεσεν
457 1459 645 1518 πρηνὴς,
674 1457 840 1512 ἁπαλὰς
861 1459 903 1505 δ’
926 1461 1150 1505 ἐκόνισσεν
1171 1463 1357 1514 ἐθείρας.

116 1527 354 1585 [δούπησεν
374 1529 421 1573 δὲ
441 1527 609 1581 πεσών,
640 1526 834 1586 ἀράβησε
855 1530 900 1573 δὲ
921 1527 1059 1585 τεύχε’
1091 1526 1161 1573 ἐπ’
1183 1526 1331 1586 αὐτῷ]
1379 1537 1446 1570 205

123 1596 434 1654 Τρωγλοδύτης
454 1596 501 1641 δὲ
521 1594 617 1653 μετ’
638 1594 772 1640 αὐτὸν
791 1594 992 1641 ἀκόντισε
1011 1602 1261 1653 Πηλείωνα,

117 1667 251 1721 πῆξεν
271 1662 315 1708 δ’
337 1666 385 1708 ἐν
404 1666 570 1723 στέρνῳ
587 1664 796 1720 στιβαρὸν
817 1664 944 1719 δόρυ·
971 1664 1048 1709 τὸν
1069 1666 1114 1709 δὲ
1135 1663 1323 1708 πεσόντα

118 1729 206 1776 εἷλε
225 1734 355 1789 μέλας
372 1732 584 1785 θάνατος,
617 1732 734 1789 ψυχὴ
753 1731 962 1789 στόματος
987 1730 1030 1777 δ’
1052 1735 1216 1789 ἐξέπτη.
1346 1733 1444 1786 [210]

117 1804 356 1851 Σευτλαῑος
376 1798 421 1844 δ’
442 1797 496 1855 ὅίρ
517 1805 681 1856 ἔπεφνε
700 1799 849 1856 βαλών
869 1802 973 1856 κέαρ
991 1798 1343 1857 Ἐμβασίχυτρον.

117 1865 378 1924 ’Λρτοφάγος
399 1868 446 1912 δὲ
466 1867 746 1924 Πολύφωνον
766 1867 874 1912 κατὰ
893 1871 1080 1925 γαστέρα
1099 1867 1257 1920 τύψεν·
1382 1876 1448 1909 210

118 1933 247 1992 ἤριπε
268 1936 314 1979 δὲ
334 1935 523 1992 πρηνὴς,
552 1935 670 1992 ψυχὴ
693 1936 738 1979 δὲ
759 1938 927 1992 μελέων
947 1939 1110 1992 ἐξέπτη.

119 2003 383 2060 Λιμνόχαρις
405 2001 446 2047 δ’
469 2001 525 2054 ὡς
546 2003 663 2047 εἶδεν
682 2001 989 2058 ἀπολλύμενον
1006 2003 1299 2057 Πολύφωνον,
1354 2002 1447 2053 [215]

125 2070 443 2128 Τρωγλοδύτην
462 2069 646 2115 ἁπαλοῖο
668 2069 729 2114 δι’
750 2069 931 2127 αὐχένος
976 2078 995 2102 *
1050 2080 1070 2104 *
1126 2077 1145 2099 *
1201 2077 1219 2098 *
1275 2074 1293 2097 *

120 2143 1295 2169 ****************

118 2204 345 2263 Ὠκιμίδην
365 2204 407 2250 δ’
427 2204 529 2262 ἄχος
549 2203 635 2250 εἷλε
656 2207 728 2250 καὶ
746 2205 909 2264 ἤλασεν
926 2206 1011 2261 ὀξέι
1033 2212 1191 2264 σχοίνῳ

120 2271 219 2317 οὐδ’
246 2275 480 2326 ἐξέσπασεν
500 2279 622 2330 ἔγχος
642 2276 863 2318 ἐναντιόν·
896 2275 1019 2332 ἤριπε
1042 2272 1086 2318 δ’
1110 2271 1269 2323 εὐθύς·
1382 2282 1449 2316 215

126 2342 348 2398 Λειχήνωρ
369 2339 411 2385 δ’
432 2339 581 2386 αὐτοῖο
602 2341 823 2386 τιτύσκετο
850 2345 974 2397 δουρὶ
994 2344 1164 2398 φαεινῷ

1124 2418 1142 2449 7
1159 2416 1176 2436 ³!
