1619 2556
157 129 207 166 78
234 136 364 170 XXIX.
386 136 467 169 ΕΙΣ
486 134 676 168 ΕΣΤῙΑΝ.
703 133 814 166 XXX.
833 133 914 164 ΕΙΣ
934 131 1034 164 PHN
1054 131 1255 164 MHTEPA
1275 131 1486 166 HANTQN.

157 240 332 292 Παλλὰς
349 241 580 296 Ἀθηναίη·
609 237 775 295 γήθησε
797 237 844 280 δὲ
864 242 1042 293 μητίετα
1062 234 1183 286 Ζεύς.

257 311 345 353 Καὶ
364 308 418 353 σὺ
437 309 518 365 μὲν
537 304 650 351 οὕτω
671 315 815 362 χαῖρε,
846 303 953 355 Διὸς
973 307 1093 356 τέκος
1114 303 1345 361 αἰγιόχοιο·

157 376 295 433 αὐτὰρ
316 376 400 433 ἐγώ
421 377 492 420 καὶ
512 385 603 419 σεῖο
624 375 695 417 καὶ
715 371 846 429 ἄλλης
866 370 1052 429 μνήσομ’
1075 371 1235 429 ἀοιδῆς.

735 583 909 625 XXIX.

673 676 753 708 ΕΙΣ
785 675 976 708 ΕΣΤΙΑΝ.

254 771 418 829 Ἐστίη,
452 770 475 828 ἣ
494 771 671 815 πάντων
692 774 740 816 ἐν
762 771 959 828 δώμασιν
978 768 1213 826 ὑψηλοῖσιν

157 839 396 886 ἀθανάτων
415 858 460 884 τε
480 843 602 884 θεῶν
620 842 751 897 χαμαὶ
771 841 1017 897 ἐρχομένων
1036 836 1074 882 τ’
1095 836 1347 894 ανθρώπων

157 913 290 967 ἕδρην
310 907 456 954 ἀΐδιον
475 913 621 964 ἔλαχε,
651 912 895 966 πρεσβηΐδα
915 906 1055 964 τιμὴν.

159 979 293 1022 καλὸν
313 983 471 1034 ἔχουσα
491 979 620 1033 γέρας
640 978 712 1021 καὶ
731 983 894 1034 τίμιον·
924 974 976 1019 οὐ
995 974 1078 1032 γὰρ
1097 973 1200 1030 ἄτερ
1219 975 1300 1016 σοῦ

159 1052 380 1091 εἰλαπίναι
398 1052 651 1101 θνητοῖσιν,
683 1043 747 1090 ἵν’
773 1043 826 1089 οὐ
846 1043 995 1100 πρώτῃ
1015 1042 1189 1099 πυμάτῃ
1210 1059 1254 1085 τε
1470 1051 1490 1083 5

155 1112 295 1172 Ἑστίῃ
316 1112 553 1171 ἀρχόμενος
572 1115 752 1157 σπένδει
773 1114 980 1170 μελιηδέα
998 1112 1139 1156 οἶνον·

159 1185 230 1227 καὶ
250 1183 305 1227 σύ
324 1201 416 1239 μοι,
445 1180 730 1238 Ἀργειφόντα
743 1216 753 1235 ,
783 1179 890 1231 Διὸς
911 1182 981 1224 καὶ
1000 1178 1206 1229 Μαιάδος
1227 1177 1307 1221 υίὲ.

158 1250 315 1308 ἄγγελε
335 1253 423 1294 τῶν
442 1249 651 1307 μακάρων
665 1285 674 1293 .
705 1248 976 1306 χρυσόρραπι
990 1283 999 1292 .
1032 1250 1170 1300 δῶτορ
1192 1245 1318 1290 ἐάων.

158 1324 280 1370 ἵλαος
302 1316 364 1363 ὦν
386 1318 574 1375 ἐπάρηγε
595 1317 679 1362 σὺν
699 1321 844 1374 αἰδοίῃ
865 1335 910 1360 τε
931 1321 1037 1373 φίλῃ
1058 1334 1102 1360 τε

153 1386 294 1446 Ἑστίῃ
307 1400 317 1410 ·
347 1385 585 1443 ἀμφότεροι
604 1385 687 1443 γὰρ
708 1388 977 1442 ἐπιχθονίων
995 1382 1247 1440 ἀνθρώπων
1449 1392 1492 1426 10

159 1460 303 1501 ναίετε
325 1454 500 1511 δώματα
521 1453 652 1499 καλὰ.
682 1459 789 1511 φίλα
809 1454 968 1510 φρεσὶν
986 1450 1237 1509 ἀλλήλοισιν

160 1523 323 1575 εἰδότες
336 1560 346 1573 ,
377 1528 568 1579 ἔργματα
587 1522 698 1567 καλὰ
719 1521 805 1581 νόῳ
826 1520 877 1566 θ’
905 1524 1094 1566 ἕσπεσθε
1114 1520 1185 1563 καὶ
1205 1516 1302 1575 ἥβῃ.

228 1597 378 1648 Χαῖρε,
392 1590 569 1646 Κρόνου
583 1590 793 1647 θύγατερ,
808 1589 864 1634 σύ
880 1607 926 1633 τε
938 1589 1010 1633 καὶ
1023 1584 1425 1645 χρυσόρραπιςἘρμ
1434 1589 1488 1641 ῆς.

160 1659 297 1716 αὐτὰρ
318 1657 431 1717 ἐγών
450 1657 598 1717 ὑμέων
617 1677 661 1703 τε
683 1660 755 1702 καὶ
775 1656 905 1714 ἄλλης
926 1653 1112 1714 μνήσομ’
1135 1653 1294 1710 ἀοιδῆς.

746 1880 896 1923 XXX.

495 1973 574 2006 ΕΙΣ
599 1973 699 2006 mm
724 1972 924 2006 MHTEPA
945 1968 1158 2003 nAN'rszN.

263 2073 404 2113 Γαῖαν
423 2068 725 2125 παμμήτειραν
744 2065 963 2124 ἀείσομαι,
994 2063 1290 2121 ήῦθέμεθλον,

162 2141 450 2193 πρεσβίστην,
478 2134 505 2193 ἢ
524 2138 678 2192 φέρβει
701 2137 772 2180 ἐπὶ
792 2137 920 2192 χθονὶ
940 2130 1096 2178 πάνθ’.
1126 2127 1253 2174 ὁπόσ’
1275 2130 1405 2183 ἐστὶν,

162 2204 269 2261 ἠμὲν
288 2203 367 2248 ὅσα
386 2203 527 2261 χθόνα
550 2208 650 2248 δῖαν
671 2207 916 2260 ἐπέρχεται,
946 2199 1018 2258 ἠδ’
1040 2198 1120 2243 ὅσα
1141 2198 1315 2246 πόντον,

164 2271 233 2329 ηδ’
255 2271 334 2316 ὅσα
353 2275 606 2316 πωτῶνται.
635 2272 738 2316 τάδε
763 2273 971 2327 φέρβεται
992 2272 1038 2313 ἐκ
1058 2270 1190 2312 σέθεν
1211 2265 1356 2322 ὄλβου.

163 2343 208 2384 ἐκ
228 2341 301 2384 σέο
322 2337 367 2383 δ’
390 2337 594 2390 εὔπαιδές
614 2358 659 2383 τε
678 2340 750 2383 καὶ
771 2337 980 2390 εὔκαρποι
999 2337 1243 2387 τελέθουσι,
1472 2343 1492 2375 5
