1619 2556
184 85 235 124 70
285 94 385 126 XIII.
408 94 489 125 ΕΙΣ
515 93 730 126 ΔΗΜΗΤΡ.
774 95 870 126 XIV.
894 93 974 126 ΕΙΣ
999 94 1200 126 MHTEPA
1226 93 1359 127 ΘΕΩΝ
1381 100 1450 127 ete.

779 214 910 256 XIII.

650 306 731 338 ΕΙΣ
763 307 1044 339 ΔΗΜΗΤΡΑΝ.

288 398 488 456 Δήμητρ’
510 398 725 457 ἠΰκομον,
755 399 921 457 σεμνὴν
939 399 1068 456 θεὸν,
1096 398 1253 457 ἄρχομ’
1273 400 1454 454 ἀείδειν,

183 466 321 524 αὐτὴν
339 469 412 512 καὶ
431 467 620 526 κούρην,
649 470 911 526 περικαλλέα
932 469 1273 524 Φερσεφόνειαν.

284 541 440 590 Χαῖρε,
470 535 579 591 θεὰ,
610 538 684 581 καὶ
703 536 834 593 τήνδε
860 536 951 580 σάω
976 536 1124 580 πόλιν·
1155 535 1260 592 ἄρχε
1288 534 1332 580 δ’
1352 535 1511 593 ἀοιδῆς.

789 745 912 787 XIV.

609 836 692 869 ΕΙΣ
717 837 918 870 MHTEPA
943 836 1087 873 ΘΕῼΝ.

282 933 466 987 Μητέρα
486 949 558 988 μοι
578 949 758 975 παντων
776 950 822 976 τε
840 935 963 977 θεῶν
983 933 1162 977 πάντων
1180 951 1203 976 τ
1213 931 1498 989 ’ἀνθρώπων

182 997 329 1056 ὕμνει.
361 1002 523 1043 Μοῦσα
543 1004 705 1056 λίγεια
734 999 842 1051 Διὸς
860 1000 1062 1058 θυγάτηρ
1081 1000 1298 1058 μεγάλοιο.

178 1061 209 1124 ᾗ
229 1067 453 1123 κροτάλων
473 1067 681 1111 τυπάνων
700 1066 741 1111 τ’
762 1067 882 1125 ἰαχή
911 1068 995 1113 σύν
1012 1088 1057 1113 τε
1077 1069 1237 1127 βρόμος
1256 1067 1405 1114 αὐλῶν

182 1133 361 1190 εὔαδεν,
391 1132 468 1193 ἠδε
488 1135 634 1180 λύκων
654 1136 820 1193 κλαγγὴ
839 1141 1044 1193 χαροπῶν
1062 1156 1106 1181 τε
1126 1136 1330 1182 λεόντων.

180 1201 312 1258 οὔρεά
333 1201 373 1247 τ’
394 1202 580 1262 ἠχήεντα
601 1205 672 1248 καὶ
695 1202 898 1262 ὑλήεντες
919 1210 1106 1249 ἔναυλοι.
1493 1217 1514 1249 5

286 1273 368 1315 Καὶ
388 1271 443 1316 σὺ
462 1272 543 1330 μὲν
571 1270 685 1316 οὕτω
710 1283 832 1329 χαῖρε
851 1275 954 1317 θεαὶ
971 1272 1023 1318 θ’
1044 1271 1132 1330 ἅμα
1151 1277 1282 1318 πᾶσαι
1306 1271 1446 1330 ἀοιδῇ.

802 1481 900 1523 XV.

470 1573 551 1605 ΕΙΣ
577 1573 809 1606 HPAKAEA
834 1542 1222 1607 ΛΕοΝΤοΘΤΜοΝ.

284 1668 511 1748 Ηρακλέα,
540 1665 646 1718 Διὸς
665 1665 784 1710 υἱὸν.
815 1664 1037 1722 ἀεισομαι,
1067 1664 1119 1709 ὃν
1138 1664 1236 1723 μέγ’
1258 1664 1437 1722 ὄῖριστον

179 1732 347 1791 γείνατ’
368 1737 638 1790 ἐπιχθονίων
658 1734 805 1792 Θήβῃς
827 1739 890 1778 ὲίι
911 1733 1235 1790 καλλιχόροισιν

177 1799 390 1859 Ἀλκμήνη
409 1809 616 1859 μιχθεῖσα
635 1805 890 1858 κελαινεφέϊ
903 1806 1147 1857 Κρονίωνι·

179 1867 224 1921 ὃς
243 1872 348 1926 πρὶν
367 1889 447 1927 μεν
467 1869 574 1914 κατὰ
594 1881 726 1927 γαῖαν
748 1868 1005 1926 ἀθέσφατον
1024 1869 1100 1926 ήδε
1117 1870 1349 1916 θάλασσαν

179 1938 442 1995 πλαζόμενος
461 1941 687 1996 πομπῇσιν
705 1936 783 1982 ὕπ’
804 1937 1066 1995 Εὐρυσθῆος
1085 1936 1270 1990 ἄνακτος
1491 1953 1512 1986 5

179 2005 318 2050 πολλὰ
336 2006 417 2063 μὲν
436 2004 566 2057 αὐτὸς
586 2008 732 2062 ἔρεξεν
751 2004 1001 2056 ἀτάσθαλα,
1033 2005 1171 2050 πολλὰ
1192 2004 1237 2050 δ’
1258 2005 1437 2064 ἀνέτλη·

180 2077 265 2119 νῦν
285 2071 327 2119 δ’
351 2073 403 2131 ἥδ
410 2093 431 2130 η
453 2073 561 2118 κατὰ
583 2073 718 2118 καλὸν
737 2077 834 2126 ἕδος
853 2074 1082 2130 νιφόεντος
1100 2071 1317 2130 Ὀλύμπου

182 2147 293 2187 ναίει
317 2142 581 2199 τερπόμενος
601 2143 674 2186 καὶ
695 2148 781 2199 ἔχει
801 2148 1101 2199 καλλίσφυρον
1118 2140 1272 2198 ”Ηβην.

271 2215 421 2267 Χαῖρε,
442 2208 572 2263 ἅναξ,
594 2209 701 2261 Διὸς
722 2213 791 2254 υἷέ
800 2224 809 2232 ·
831 2214 957 2254 δίδου
974 2207 1017 2254 δ’
1033 2208 1192 2266 ἀρετήν
1210 2228 1255 2254 τε
1275 2212 1347 2254 καὶ
1366 2208 1510 2268 ὄλβον.
