1619 2556
522 113 1024 147 BATPAXOMTOMAXIA.
1388 103 1439 142 95

112 221 326 277 ἀμφίβιον
344 217 427 276 γὰρ
448 220 584 262 ἔδωκε
603 216 743 274 νομὴν
761 218 1015 275 βατράχοισι
1035 222 1254 275 Κρονίων,

113 291 361 344 [στοιχείοις
376 289 534 336 διττοῑς
552 286 846 343 μεμερισμένοι
869 286 1044 343 δώματα
1064 289 1237 341 vacam]
1397 299 1442 333 60

112 359 338 411 σκιρτῆσαι
357 352 465 398 κατὰ
484 356 568 409 γῆν
586 355 658 397 καὶ
677 351 748 410 ἐφ’
770 353 901 399 ὕδασι
921 358 1044 411 σῶμα
1064 353 1268 406 καλύψαι.

114 428 153 467 εί
172 421 215 466 δ’
238 421 406 472 ἐθέλεις
424 423 498 465 καὶ
517 424 651 465 ταῦτα
673 421 906 479 δαήμεναι,
938 420 1110 479 εὐχερές
1131 424 1259 466 ἐστιν.

112 489 239 546 βαῐνὲ
259 507 331 546 μοι
352 492 400 534 ἐν
418 488 593 533 νώτοισι
607 524 618 544 ,
647 489 795 546 κράτει
817 489 866 536 δέ
884 508 958 547 με,
985 487 1144 548 μήποτ’
1165 488 1304 547 ὄληαι,

112 557 262 609 ὅππως
280 556 529 614 γηθόσυνος
548 556 624 601 τὸν
646 556 751 614 ἐμὸν
771 557 907 616 δόμον
927 563 1189 614 εἰσαφίκηαι.

202 623 282 677 Ὣς
301 622 373 681 ἄρ’
396 630 478 681 ἔφη
497 626 569 668 καὶ
588 623 695 669 νῶτ’
717 629 887 670 ἐδίδου·
915 623 937 669 ὁ
959 624 1001 669 δ’
1024 631 1172 683 ἔβαινε
1192 625 1368 682 τάχιστα
1398 638 1442 672 65

112 703 259 751 χεῖρας
285 697 397 749 ἔχων
415 704 651 748 τρυφεροῖο
671 691 768 737 κατ’
790 692 972 750 αὐχένος
997 692 1153 750 ἅλματι
1175 694 1340 753 κούφῳ.

112 762 185 806 καὶ
202 761 250 806 τὸ
269 764 443 817 πρῶτον
462 766 634 817 ἔχαιρεν
647 796 657 815 ,
688 760 753 805 ὅτ’
775 766 930 818 ἔβλεπε
949 767 1146 818 γείτονας
1165 760 1339 819 ὅρμους.

111 829 231 886 νήξει
249 828 513 886 τερπόμενος
534 828 845 885 Φυσιγνάθου·
872 828 971 873 ἀλλ’
992 827 1063 873 ὅτε
1085 829 1137 886 δή
1158 832 1213 886 ῥα

112 897 273 954 κύμασι
292 910 611 954 πορφυρεοισιν
632 897 852 951 ἐκλύζετο,
868 895 1019 941 πολλα
1042 897 1247 953 δακρύων

112 964 328 1051 άχρηστον
346 964 582 1022 μετάνοιαν
601 964 836 1022 ἐμέμφετο
867 970 982 1010 τίλλε
1004 966 1050 1010 δε
1070 971 1231 1022 χαίτας,
1401 976 1444 1011 70
1495 1020 1498 1023 ι

112 1035 185 1077 καὶ
205 1032 344 1084 πόδας
363 1038 572 1089 ἔσφιγγεν
590 1032 698 1077 κατὰ
717 1032 928 1089 γαστέρα
959 1035 1007 1077 ἐν
1029 1033 1077 1077 δὲ
1095 1037 1139 1077 οἱ
1154 1035 1256 1090 ἡτορ

112 1099 288 1145 πάλλετ
310 1099 491 1158 αηθείῃ,
519 1101 592 1144 καὶ
613 1102 683 1144 ἐπὶ
701 1101 842 1157 χθόνα
867 1099 1052 1157 βούλεθ’
1074 1103 1267 1145 ικέσθαι·

113 1168 237 1213 δεινὰ
257 1166 299 1212 δ’
319 1166 627 1225 ὑπεστονάχιζε
647 1169 791 1225 φόβου
811 1168 1042 1224 κρυόεντος
1062 1167 1243 1226 ἀνάγκη.

112 1234 266 1293 [οὐρὴν
284 1237 365 1293 μὲν
383 1239 684 1293 προπέτασσεν
704 1235 778 1293 ἐφ’
799 1235 981 1289 ὕδασιν,
1013 1236 1116 1293 ἠύτε
1137 1236 1291 1293 κώπην
1368 1241 1443 1292 [86]

112 1304 263 1361 σύρων
276 1339 286 1359 ,
311 1302 543 1361 εὐχόμενος
563 1323 609 1348 τε
623 1312 746 1355 θεοῖς
766 1306 836 1349 ἐπὶ
853 1316 986 1362 γαῖαν
1006 1306 1193 1357 ἱκέσθαι,
1399 1315 1441 1349 75

115 1371 245 1417 ὕδασι
264 1374 583 1429 πορφυρέοισιν
602 1372 822 1427 ἐκλύζετο,
853 1371 992 1417 πολλα
1016 1370 1058 1416 δ’
1081 1375 1269 1451 ἐβῶσεν·

114 1442 187 1484 καὶ
207 1451 326 1484 τοῖον
345 1439 458 1496 φάτο
477 1443 626 1497 μῦθον
645 1438 729 1485 άπὸ
748 1440 957 1498 στόματός
977 1438 1016 1484 τ’
1039 1438 1298 1497 ἀγόρευσεν·
1345 1445 1350 1452 ’
1368 1444 1442 1495 [74]

217 1505 310 1565 Ουχ
330 1507 445 1552 οὕτω
465 1522 672 1552 νωτοισιν
692 1508 902 1565 ἐβάστασε
928 1508 1093 1565 φόρτον
1115 1513 1272 1564 ἔρωτος
1339 1507 1444 1562 [75]

113 1579 292 1631 ταῦρος,
321 1574 368 1619 ὅτ
377 1574 632 1634 Ἐὐρώπην
652 1575 723 1620 δια
743 1576 932 1633 κύματος
953 1575 1028 1633 ἦγ’
1050 1577 1120 1620 ἐπι
1139 1575 1333 1633 Κρήτην,

115 1641 170 1694 ὡς
190 1641 260 1700 ἔμ’
282 1643 528 1695 ἐπιπλώσας
548 1643 778 1688 ἐπινωτιον
797 1646 903 1701 ἦγεν
923 1647 965 1696 ἐς
984 1644 1106 1688 οἶκον
1401 1654 1446 1688 80

115 1711 327 1768 βάτραχος
345 1709 593 1769 άμπετάσας
614 1708 756 1768 ὠχρὸν
778 1715 908 1769 δέμας
928 1711 1057 1756 ὕδατι
1077 1715 1222 1771 λευκῷ
1233 1715 1260 1765 3]

202 1778 359 1837 ”’Ί”’δρος
382 1777 425 1824 δ’
447 1782 652 1836 ἐξαίφνης
672 1778 955 1836 ἀνεφαίνετο,
988 1778 1136 1824 δεινὸν
1156 1778 1297 1836 ὅραμα

115 1850 249 1891 πᾶσιν
267 1845 401 1905 ὁμῶς·
427 1845 568 1903 ὀρθὸν
589 1845 631 1891 δ’
653 1845 764 1904 ὑπὲρ
788 1847 947 1899 ὕδατος
968 1848 1054 1904 εἶχε
1073 1847 1299 1904 τράχηλον.
1370 1850 1444 1901 [80]

115 1918 271 1960 τοῦτον
290 1914 400 1960 ι’δών
420 1917 580 1960 κατέδυ
602 1921 885 1971 Φυσίγναθος
898 1952 907 1966 ,
938 1914 1032 1960 οὔτι
1052 1914 1226 1973 νοήσας,

115 1980 210 2027 οἷον
227 1985 399 2040 ἑταῖρον
418 1989 598 2040 ἔμελλεν
617 1981 923 2039 ἀπολλύμενον
941 1989 1233 2028 καταλείπειν.
1401 1993 1445 2027 85

117 2053 173 2095 δῦ
193 2051 240 2095 δὲ
259 2051 398 2108 βάθος
417 2057 570 2108 λίμνης
589 2052 662 2095 καὶ
685 2049 871 2096 άλεύατο
890 2055 1001 2109 κῆρα
1019 2053 1243 2108 μέλαιναν.

116 2129 260 2170 κεῖνος
281 2117 325 2162 δ’
345 2117 402 2170 ὡς
420 2117 589 2176 ἆφέθη,
618 2121 760 2170 πέσεν,
770 2117 922 2171 ὕπτιος
944 2117 1080 2170 εὐθὺς
1101 2117 1174 2175 ἐφ’
1195 2118 1332 2175 ὕδωρ,

116 2188 188 2230 καὶ
207 2197 354 2243 χεῖρας
375 2192 555 2244 ἔσφιγγε
575 2188 644 2230 καὶ
666 2185 901 2245 ὀλλύμενος
922 2188 1162 2242 κατέτρυζε.
1373 2190 1442 2239 [85]

116 2255 300 2299 πολλάκι
318 2255 399 2312 μὲν
417 2257 660 2300 κατέδυνεν
679 2254 751 2311 ἐφ’
772 2254 900 2300 ὕδατι
913 2291 922 2307 ,
951 2254 1134 2300 πολλάκι
1155 2253 1199 2299 δ’
1220 2249 1325 2299 αὖτε
1373 2256 1444 2307 [89]

117 2327 327 2376 λακτίζων
345 2320 699 2380 άνέδυνε·μόρον
720 2321 763 2368 δ’
784 2322 863 2368 οὐκ
883 2317 938 2380 ἦν
958 2321 1186 2376 ὑπαλύξαι.
1401 2331 1446 2365 90
