1619 2556
529 123 568 155 V.
611 122 690 154 ΕΙΣ
716 123 993 155 AHMHTPAN.

90 224 221 284 Ῥείης
239 224 432 283 ήϋκόμου
458 225 652 283 θυγάτηρ
665 261 675 281 ,
703 222 802 270 ἀλλ’
823 219 913 270 ὦκα
933 225 1018 271 σὺν
1036 223 1147 283 αὐτῇ

96 292 196 351 ἤιξ’,
226 295 463 351 αἰθομένας
485 296 640 345 δαΐδας
659 291 765 351 μετά
783 293 932 350 χερσὶν
952 299 1121 351 ἔχουσα.

93 359 261 407 Ἠέλιον
281 359 325 406 δ’
346 365 515 417 ἵκοντο,
543 365 666 406 θεῶν
684 359 851 407 σκοπὸν
869 359 947 418 ἠδὲ
965 362 1038 406 καὶ
1058 359 1250 417 ἀνδρῶν,

95 429 203 474 στὰν
223 427 266 474 δ’
285 433 434 474 ἵππων
453 429 728 487 προπάροιθε
742 465 752 483 ,
781 431 854 474 καὶ
876 437 1013 487 εἴρετο
1035 432 1107 473 δῖα
1126 426 1276 473 θεάων

193 495 340 552 Ἠέλι’,
371 501 574 543 αἴδεσσαί
587 517 639 554 με
658 500 767 549 θέας
791 495 926 554 ὕπερ,
956 505 1117 543 εἴποτε
1139 494 1192 553 δή
1212 509 1291 541 σευ

95 563 122 622 ἢ
140 570 232 611 ἔπει
252 563 279 622 ἢ
297 570 409 625 ἔργῳ
430 569 616 623 κραδίην
635 567 708 610 καὶ
725 563 874 623 θυμὸν
894 573 1016 623 ι’ἠνα·

61 640 64 643 ’
95 632 281 690 κούρην,
312 632 392 691 τὴν
411 639 582 687 ἔτεκον,
612 633 828 691 γλυκερὸν
846 633 1005 687 θάλος,
1035 639 1150 694 εἴδεϊ,
1162 634 1345 693 κυδρὴν,

96 704 169 758 τῆς
188 699 347 757 ἀδινὴν
366 700 440 746 ὄπ’
461 700 628 746 ἄκουσα
649 700 710 746 δι’
732 703 909 757 αἰθέρος
929 700 1182 759 ἀτρυγέτοιο

96 768 205 814 ὥστε
224 771 478 827 βιαζομένης
491 805 501 821 ,
530 767 639 825 άτὰρ
660 767 740 813 οὐκ
761 774 859 814 ἴδον
878 767 1191 827 ὀφθαλμοῖσιν.

95 835 225 893 ἀλλὰ,
257 836 312 881 σὺ
332 836 414 895 γὰρ
435 836 488 895 δὴ
514 841 661 882 πᾶσαν
682 839 750 882 ἐπὶ
769 836 911 895 χθόνα
931 839 1004 883 καὶ
1023 837 1132 883 κατὰ
1152 838 1315 883 πόντον

96 908 274 961 αἰθέρος
294 907 340 950 ἐκ
362 909 456 963 δίης
474 907 761 962 καταδέρκεαι
782 904 1018 959 ἀκτίνεσσι,

97 974 340 1031 νημερτέως
358 992 431 1031 μοι
451 979 602 1019 ἔνισπε
621 978 754 1029 φίλον
775 975 917 1028 τέκος,
949 981 1092 1019 εἵπου
1110 973 1304 1030 ὄπωπας,

97 1039 212 1093 ὅστις
230 1040 393 1098 νόσφιν
413 1045 530 1098 ἐμεῖο
550 1040 699 1098 λαβὼν
719 1039 938 1087 ἀέκουσαν
957 1038 1126 1109 ἀνάγκῃ

96 1116 257 1166 οἴχεται
282 1107 332 1166 ήε
350 1113 473 1154 θεων
492 1107 519 1166 ἢ
537 1112 608 1155 και
626 1113 807 1166 θνητῶν
826 1107 1091 1167 ἀνθρώπων.

189 1176 268 1228 Ὼς
287 1177 419 1234 φάτο·
447 1176 526 1235 τὴν
547 1177 593 1223 δ’
607 1175 857 1234 Τπεριονιδ
862 1196 907 1235 ης
927 1175 1131 1257 ημείβετο
1150 1179 1304 1239 μύθῳ·

90 1245 222 1302 Ρείης
240 1243 435 1303 ηϋκόμου
453 1246 672 1303 θύγατερ.
706 1245 911 1303 Δήμητερ
931 1244 1113 1301 άνασσα,

99 1312 303 1371 εἰδήσεις·
332 1312 385 1370 δὴ
405 1333 503 1370 γαρ
507 1317 617 1371 μέγα
636 1311 788 1371 άζομαι
807 1311 879 1371 ἠδ
902 1317 1083 1371 ἐλεαίρω

97 1379 346 1439 ἀχνυμένην
371 1383 469 1438 περὶ
489 1383 613 1427 παιδὶ
632 1382 900 1441 τανυσφύρῳ
914 1395 925 1404 ·
954 1380 1063 1427 οὐδέ
1077 1399 1141 1433 τις
1159 1379 1288 1432 ἄλλος

97 1456 232 1501 αἴτιος
251 1448 510 1505 ἀθανάτων,
542 1455 582 1495 εἰ
598 1449 655 1507 μὴ
674 1452 993 1507 νεφεληγερέτα
1013 1453 1137 1504 Ζεύς,

96 1515 143 1569 ὅς
163 1536 239 1575 μιν
258 1514 388 1562 ἔδωκ’
406 1515 526 1575 Ἀΐδῃ
544 1516 742 1575 θαλερὴν
761 1520 1003 1574 κεκλῆσθαι
1024 1516 1194 1562 ἄκοιτιν

97 1583 451 1645 αὐτοκασιγνήτῳ
464 1599 473 1608 ·
503 1583 525 1630 ὁ
548 1584 593 1630 δ’
613 1583 698 1630 ὑπὸ
718 1584 852 1642 ζόφον
872 1583 1080 1642 ἠερόεντα

97 1651 289 1710 ἁρπάξας
306 1656 506 1698 ἵπποισιν
525 1652 631 1710 ἄγεν
650 1653 816 1711 μεγάλα
837 1653 1059 1710 ἰάχουσαν.

97 1719 228 1777 ἀλλὰ,
258 1719 366 1777 θεά,
395 1721 619 1766 κατάπαυε
638 1723 777 1778 μέγαν
795 1721 901 1778 γόον
921 1719 1046 1776 [οὐδέ
1061 1740 1101 1765 τι
1121 1734 1169 1765 σε
1188 1719 1269 1779 χρὴ

97 1789 190 1848 μὰψ
208 1787 350 1841 αὕτως
369 1788 563 1847 ἄπλητον
583 1794 698 1847 ἔχειν
717 1789 847 1845 χόλον
857 1792 884 1844 ·]
912 1788 966 1834 οὔ
984 1807 1050 1833 τοι
1070 1786 1217 1845 άεικὴς

98 1855 291 1915 γαμβρὸς
310 1859 357 1902 ἐν
375 1854 614 1909 ἀθανάτοις
632 1857 980 1915 πολυσημάντωρ
999 1855 1245 1911 Ἀϊδωνεὺς,

98 1923 464 1982 αὐτοκασίγνητος
484 1927 556 1970 καὶ
574 1922 836 1982 ὁμόσπορος·
865 1923 976 1982 άμφὶ
997 1926 1044 1970 δὲ
1063 1927 1180 1982 τιμῇ,

98 1997 298 2051 ἔλλαχεν,
330 1991 388 2046 ὡς
406 1992 457 2038 τὰ
477 1996 626 2051 πρῶτα
649 1993 847 2050 διάτριχα
868 1992 1029 2051 δασμὸς
1050 1992 1233 2049 ἐτύχθη·

98 2071 186 2113 τοϊς
206 2060 525 2118 μεταναιετάει,
558 2064 645 2105 τῶν
665 2066 815 2118 ἔλλαχε
835 2066 1036 2117 κοίρανος
1058 2061 1181 2106 εἶναι.

188 2127 267 2182 ⁰529
288 2127 423 2174 εἰπών
443 2132 644 2174 ἵπποισιν
664 2131 882 2174 ἐκέκλετο·
910 2130 974 2173 τοὶ
995 2127 1038 2174 δ’
1058 2126 1136 2174 ὑπ’
1157 2126 1341 2184 ὀμοκλῆς

99 2196 227 2254 ῥίμφ’
249 2203 408 2254 ἔφερον
425 2197 537 2241 θοὸν
556 2196 693 2255 ἅρμα.
723 2197 984 2254 τανύπτεροι
1005 2195 1106 2241 ὥστ’
1130 2200 1290 2240 οἰωνοί.

99 2264 177 2322 τὴν
197 2268 223 2310 δ
231 2263 362 2322 ’ἄχος
381 2265 608 2323 αἰνότερον
627 2266 699 2309 καὶ
719 2264 932 2320 κύντερον
949 2269 1066 2310 ἵκετο
1084 2262 1245 2320 θυμόν.

102 2334 328 2390 χωσαμένη
348 2331 402 2388 δὴ
422 2338 567 2378 ἔπειτα
587 2335 841 2389 κελαινεφέϊ
860 2337 1082 2389 Κρονίωνι

1102 2410 1124 2445 4
1138 2411 1157 2433 a«
