1619 2556
148 108 200 147 62
583 118 625 149 v.
662 117 741 150 ΕΙΣ
766 117 1045 149 ΔΗΜΗΤΡΑΝ.

149 226 284 269 ἐλθεῖν
304 226 346 277 ἐξ
365 231 547 279 Ερέβευς,
577 226 649 266 ‘eva
669 219 716 279 μ’
737 219 1035 277 ὀφθαλμοῖσιν
1055 222 1209 264 ἰδοῦσα

148 292 293 349 λήξαις
313 289 574 335 ἀθανάτοισι
593 290 723 347 χόλου
743 290 815 333 καὶ
833 287 985 345 μήνιος
1004 290 1144 345 αἰνῆς,
1414 299 1481 332 410

149 357 294 404 αὐτίκ’
317 358 429 416 ἐγών
448 356 658 415 άνόρουσ’
679 355 764 402 ὑπὸ
785 356 1018 414 χάρματος·
1047 353 1185 413 αὐτὰρ
1204 354 1226 400 ὂ
1248 355 1391 412 λάθρη

153 429 314 485 ἔμβαλέ
329 446 402 484 μοι
423 430 544 484 ῥοιῆς
563 427 743 472 κόκκον.
774 422 970 483 μελιηδέ’
993 424 1179 481 ἐδωδὴν,

148 495 344 540 ἄκουσαν
366 495 412 540 δὲ
432 500 506 552 βίῃ
527 514 578 552 με
599 493 958 550 προσηνάγκασσε
978 492 1214 537 πάσασθαι.

150 562 204 616 ὡς
225 566 275 609 δέ
292 562 340 620 μ’
363 553 612 620 ἀναρπάξας
632 566 860 618 Κρονίδεω
880 560 1071 618 πυκινὴν
1094 560 1165 605 διὰ
1184 563 1311 618 μῆτιν

150 631 306 692 ᾤχετο,
339 630 500 690 πατρὸς
520 634 660 689 ἐμοῖο,
689 632 839 687 φέρων
858 627 943 674 ὑπὸ
963 629 1129 674 κεύθεα
1149 634 1287 686 γαίης,
1415 639 1480 673 415

149 703 323 757 ἐξερέω,
353 702 425 745 καὶ
444 699 586 744 πάντα
607 702 819 756 διΐξομαι,
850 694 906 750 ὡς
927 699 1142 754 ἐρεείνεις.

152 767 270 826 ἡμεῖς
289 769 370 825 μὲν
388 768 501 825 μάλα
522 771 657 813 πᾶσαι
676 765 749 812 άν’
772 765 947 823 ἱμερτὸν
965 769 1170 824 λειμῶνα,

154 841 381 894 Λευκίππη
404 836 556 881 Φαινώ
576 854 622 880 τε
640 837 712 880 καὶ
728 834 934 891 Ἠλέκτρη
954 835 1026 878 καὶ
1040 832 1203 890 Ἰάνθη,

149 907 221 950 καὶ
239 909 412 962 Μελίτη
429 902 541 962 Ἰάχη
560 923 605 949 τε
619 902 783 949 Ῥοδειά
805 921 849 947 τε
869 902 1090 960 Καλλιρόη
1110 920 1170 957 τε,

150 972 404 1031 Μηλόβοσίς
423 992 467 1018 τε
494 972 610 1030 Τύχη
629 990 675 1016 τε
695 973 766 1016 καὶ
784 969 969 1028 Ὠκυρόη
989 973 1251 1025 καλυκῶπις,
1415 980 1482 1014 420

152 1047 344 1099 Χρυσηῒς
363 1040 402 1085 τ’
422 1039 604 1097 Ἰάνειρά
624 1039 665 1084 τ’
683 1037 864 1097 Ἀκάστη
884 1038 924 1084 τ’
944 1038 1129 1096 Ἀδμήτη
1151 1057 1211 1094 τε,

150 1113 221 1156 καὶ
234 1108 415 1166 Ῥοδόπη
435 1108 621 1154 Πλουτώ
642 1127 687 1153 τε
707 1110 779 1153 καὶ
800 1107 1028 1165 ἱμερόεσσα
1046 1105 1259 1162 Καλυψώ,

149 1181 221 1224 καὶ
241 1177 358 1232 Στύξ
381 1177 579 1235 Οὐρανίη
599 1195 644 1221 τε
665 1175 923 1233 Γαλαξαύρη
942 1174 982 1219 τ’
1006 1174 1217 1233 ἐρατεινὴ,

151 1253 355 1304 παίζομεν
375 1244 448 1303 ἠδ’
470 1245 611 1290 ἄνθεα
633 1247 850 1301 δρέπομεν
869 1242 1055 1302 χει’ρεσσ’
1078 1243 1268 1299 ἐρόεντα,
1414 1254 1482 1288 425

149 1319 282 1373 μίγδα
302 1314 462 1370 κρόκον
480 1313 520 1358 τ’
541 1312 708 1371 άγανόν
727 1314 799 1357 καὶ
818 1311 1056 1370 ἀγαλλίδας
1076 1310 1148 1369 ἠδ’
1175 1309 1406 1363 ὑάκινθον,

150 1385 221 1428 καὶ
243 1385 397 1441 ῥοδέας
417 1382 608 1433 κάλυκας
628 1383 698 1426 καὶ
718 1387 878 1437 λείρια,
911 1383 1065 1438 θαῦμα
1088 1381 1278 1435 ἰδέσθαι,

149 1459 169 1485 *
191 1450 428 1508 νάρκισσόν
447 1448 514 1506 θ’,
543 1448 594 1494 ὃν
614 1447 760 1505 ἔφυσ’,
793 1447 938 1505 ὥσπερ
959 1448 1138 1506 κρόκον,
1161 1445 1309 1503 εὐρεῖα
1328 1446 1464 1504 χθών.

151 1519 288 1577 αὐτὰρ
309 1518 392 1576 ἐγώ
415 1518 638 1576 δρεπόμην
657 1519 758 1573 περὶ
777 1517 982 1575 χάρματι·
1010 1527 1114 1574 γαῖα
1135 1513 1176 1561 δ’
1197 1521 1354 1572 ἔνερθε

153 1588 368 1646 χώρησεν·
398 1591 451 1645 τῇ
473 1585 514 1631 δ’
537 1584 690 1643 ἔκθορ’
713 1584 820 1640 ἅναξ
841 1584 1047 1641 κρατερὸς
1065 1585 1378 1641 Πολυδέγμων.
1413 1594 1482 1629 430

151 1660 207 1714 βῆ
229 1658 274 1702 δὲ
295 1658 444 1713 φέρων
463 1653 549 1700 ὑπὸ
567 1665 698 1711 γαῖαν
719 1657 766 1699 ἐν
785 1652 946 1711 ἅρμασι
965 1662 1203 1710 χρυσείοισι

150 1723 276 1770 πόλλ’
298 1723 613 1808 ἀεκαζομένην·
641 1722 801 1780 ἐβόησα
824 1720 865 1766 δ’
886 1720 954 1778 ἄρ’
977 1720 1111 1778 ὄρθια
1132 1723 1272 1778 φωνῇ.

149 1793 284 1838 ταῦτά
304 1811 368 1837 τοι
389 1790 611 1849 ἀχνυμένη
630 1809 711 1847 περ
735 1789 901 1847 ἀληθέα
922 1787 1050 1834 πάντ’
1071 1787 1281 1846 ἀγορεύω.

240 1859 318 1913 Ως
339 1860 434 1905 τότε
454 1879 534 1917 μεν
554 1858 729 1915 πρόπαν
748 1860 861 1915 ήμαρ
881 1855 1107 1916 ὁμόφρονα
1123 1855 1271 1915 θυμὸν
1291 1861 1464 1913 ἔχουσαι

149 1929 287 1975 πολλὰ
305 1926 408 1986 μάλ’
429 1926 507 1972 άλλ
514 1927 629 1984 ήλων
653 1931 839 1984 κραδιην
860 1928 932 1971 καὶ
950 1924 1099 1984 θυμὸν
1117 1933 1261 1971 ἴαινον
1413 1934 1480 1969 435

148 1996 590 2056 ἀμφαγαπαζόμεναι·
621 1994 762 2052 άχέων
785 1993 829 2038 δ’
851 1993 1097 2039 άπεπαύετο
1116 1992 1269 2052 θυμός.

148 2065 400 2124 γηθοσύνας
423 2061 463 2108 δ’
485 2066 684 2121 ἐδέχοντο
704 2061 810 2118 παρ’
832 2061 1032 2120 άλλήλων
1051 2060 1200 2107 ἔδιδόν
1217 2080 1275 2106 τε.

150 2137 276 2193 τῇσιν
296 2132 338 2179 δ’
362 2131 554 2189 ἐγγύθεν
573 2126 676 2189 ἦλθ’
691 2130 845 2187 Ἑκάτη
863 2129 1283 2188 λιπαροκρήδεμνος·

149 2201 286 2247 πολλὰ
316 2200 352 2246 δ’
379 2198 452 2256 ἄρ’
475 2198 767 2257 ἀμφαγάπησε
792 2198 928 2255 κόρην
948 2198 1201 2256 Δημήτερος
1219 2197 1378 2255 ἁγνήν·

156 2337 310 2388 Παλλάς
333 2338 366 2380 τ’
394 2339 584 2394 ἐγρεμάχη
607 2341 670 2379 καὶ
693 2338 870 2391 ’Ἄρτεμις
889 2340 1071 2391 ἰοχέαιρα,
1414 2346 1479 2378 424
