1619 2556
201 117 252 154 50
634 127 674 157 V.
708 125 789 157 ΕΙΣ
819 124 1083 157 ΔΗΜΗΤΡΑΝ
1089 148 1096 156 .

200 230 278 286 τὴν
299 227 341 273 δ’
363 228 654 287 ἀεκαζομένην
673 223 778 286 ἦγεν
798 229 904 280 Διὸς
927 231 1145 286 ἐννεσίῃσι

200 303 597 355 πατροκασίγνητος
611 333 621 353 ,
652 296 998 354 πολυσημάντωρ
1019 299 1322 354 πολυδέγμων,

198 370 346 417 ἵπποις
366 364 626 410 ἀθανάτοισι
640 400 650 420 ,
686 365 864 422 Κρόνου
884 364 1170 421 πολυώνυμος
1189 365 1293 416 υἱός.

198 432 314 491 ὄφρα
332 434 413 491 μὲν
431 429 512 478 οὖν
531 433 662 490 γαῖάν
681 452 726 478 τε
746 435 817 478 καὶ
837 431 1028 489 οὐρανὸν
1050 431 1310 489 ἀστερόεντα

198 505 352 546 λεῦσσε
371 500 456 546 θεα
469 537 478 546 .
507 503 579 558 καὶ
600 501 762 546 πόντον
782 500 1000 559 ἀγάρροον
1019 500 1268 556 ἰχθυόεντα.

198 568 335 627 αὐγάς
354 568 393 614 τ’
416 568 586 628 ἠελίου,
615 575 677 614 ε”τι
699 568 741 614 δ’
763 568 922 626 ἤλπετο
943 570 1106 626 μητέρα
1126 568 1287 626 κεδνὴν

199 637 388 690 ὄψεσθαι
409 640 481 683 καὶ
501 641 619 695 φῦλα
638 641 759 682 θεῶν
778 636 1105 694 αἰειγενετάων·

200 706 338 764 τόφρα
359 709 404 750 οἱ
419 701 538 757 ἐλπὶς
559 712 715 762 ἔθελγε
735 708 873 763 μέγαν
900 705 1005 749 νόον
1028 703 1272 762 ἀχνυμένης
1292 718 1393 761 περ·

472 775 488 793 *
765 774 781 792 *
1058 779 1075 799 *

200 841 365 898 ἤχησαν
387 839 427 885 δ’
451 840 591 899 ὀρέων
612 844 802 899 κορυφαὶ
822 843 892 886 καὶ
913 845 1077 898 βένθεα
1097 840 1260 886 πόντου

200 912 329 967 φωνῇ
348 907 426 953 ὑπ’
448 909 672 968 ἀθανάτῃ·
701 914 774 967 τῆς
797 914 822 954 δ
830 908 839 924 ⁷
862 915 988 955 ἔκλυε
1007 909 1163 954 πότνια
1183 910 1331 966 μήτηρ.

199 976 275 1032 ὀξὺ
296 979 348 1022 δέ
362 996 438 1034 μιν
456 983 642 1037 κραδίην
661 977 763 1036 ἄχος
784 983 991 1035 ἔλλαβεν,
1020 976 1132 1035 ἀμφὶ
1155 978 1201 1022 δὲ
1222 983 1389 1034 χαίταις

200 1045 457 1104 ἀμβροσίαις
479 1048 701 1105 κρήδεμνα
723 1052 888 1101 δαΐζετο
908 1048 1028 1102 χερσὶ
1047 1051 1213 1103 φίλῃσι,

200 1114 389 1158 κυάνεον
410 1115 457 1159 δὲ
476 1115 680 1173 κάλυμμα
702 1113 797 1160 κατ’
818 1113 1079 1171 ἀμφοτέρων
1098 1111 1246 1169 βάλετ’
1268 1112 1412 1170 ὤμων,

199 1182 356 1226 σεύατο
378 1180 436 1227 δ’.
467 1181 570 1228 ὥστ’
593 1182 768 1239 οἰωνὸς,
799 1185 868 1227 ἐπὶ
887 1182 1111 1239 τραφερήν
1129 1200 1174 1226 τε
1194 1183 1267 1226 καὶ
1284 1179 1424 1239 ὑγρὴν

200 1253 433 1308 μαιομένη·
470 1255 523 1308 τῇ
545 1249 585 1296 δ’
607 1250 725 1303 οὔτις
746 1250 934 1308 ἐτήτυμα
953 1250 1242 1308 μυθήσασθαι

199 1317 361 1376 ἤθελεν
381 1318 481 1364 οὕτε
500 1323 623 1364 θεῶν
643 1319 742 1364 οὔτε
763 1322 941 1376 θνητῶν
961 1317 1228 1374 ἀνθρώπων,

201 1384 308 1432 οὐδέ
323 1390 367 1431 οἱ
381 1391 552 1432 οἰωνῶν
571 1407 634 1440 τις
655 1387 862 1445 ἐτήτυμος
885 1386 1067 1444 ἅγγελος
1088 1380 1237 1443 ἦλθεν.

201 1458 393 1512 ἐννῆμαρ
413 1456 493 1513 μὲν
519 1461 666 1500 ἔπειτα
692 1454 800 1500 κατὰ
820 1455 960 1512 χθόνα
982 1454 1136 1498 πότνια
1156 1452 1262 1510 Δηώ

200 1522 439 1580 στρωφᾶτ’,
471 1527 710 1581 αἰθομένας
732 1527 885 1574 δαΐδας
904 1523 1012 1581 μετὰ
1031 1524 1181 1580 χερσὶν
1200 1527 1370 1578 ἔχουσα,

201 1589 308 1636 οὐδέ
324 1589 424 1635 ποτ’
444 1591 682 1650 ἀμβροσίης
702 1595 773 1636 καὶ
794 1593 1000 1648 νέκταρος
1020 1589 1255 1648 ἡδυπότοιο

202 1657 390 1704 πάσσατ’
413 1658 679 1718 ἀκηχεμένη,
709 1659 813 1705 οὐδὲ
831 1659 939 1716 χρόα
958 1658 1142 1716 βάλλετο
1161 1664 1372 1715 λουτροῖς.

201 1725 299 1773 ἀλλ’
321 1726 390 1772 ὅτε
413 1727 466 1785 δὴ
486 1727 643 1786 δεκάτη
662 1732 707 1773 οἱ
722 1727 916 1785 ἐπήλυθε
939 1728 1140 1784 φαινολὶς
1157 1724 1277 1782 Ἠώς,

201 1794 352 1853 ἤντετό
371 1800 416 1841 οἶ
432 1794 608 1854 Ἑκάτη,
637 1799 764 1848 σέλας
785 1799 833 1840 ἐν
855 1801 1072 1852 χείρεσσιν
1094 1800 1265 1852 ἔχουσα,

203 1870 278 1909 καί
295 1863 348 1920 ῥά
366 1867 410 1908 οἱ
426 1862 691 1921 ἀγγελέουσα
713 1869 812 1915 ἔπος
833 1863 945 1920 φάτο
964 1863 1170 1920 φώνησέν
1188 1875 1255 1907 τε·

305 1933 472 1977 Πότνια
492 1932 702 1990 Δημήτηρ
717 1969 726 1987 ,
757 1930 980 1990 ὡρηφόρε,
1009 1929 1275 1988 ἀγλαόδωρε,

202 2005 265 2051 τίς
283 2003 405 2045 θεῶν
423 1999 644 2056 οὐρανίων
663 1998 711 2058 ἠὲ
731 2003 911 2057 θνητῶν
930 1998 1183 2056 ἀνθρώπων

203 2067 370 2125 ἥρπασε
389 2068 702 2126 Περσεφόνην.
732 2070 805 2113 καὶ
825 2067 904 2112 σὸν
924 2073 1056 2125 φίλον
1074 2065 1207 2124 ἤκαχε
1226 2065 1397 2123 θυμόνς

203 2139 352 2193 φωνῆς
371 2135 454 2193 γὰρ
476 2135 646 2193 ἥκουσ’,
675 2135 782 2193 ἀτὰρ
802 2134 883 2180 οὐκ
902 2140 1000 2181 ἴδον
1018 2133 1329 2192 ὀφθαλμοῖσιν,

205 2202 319 2256 ὅστις
340 2209 437 2261 ἔην·
464 2206 532 2248 σοὶ
554 2203 595 2248 δ’
619 2199 708 2248 ῶκα
729 2207 840 2261 λέγω
859 2205 1072 2261 νημερτέα
1092 2201 1232 2246 πάντα

473 2272 490 2292 *
766 2278 784 2299 ὀι
1061 2275 1077 2296 *

291 2337 370 2391 ‘2529
392 2337 462 2397 ἄρ’
485 2345 567 2396 ἔφη
581 2339 752 2396 Εκάτη·
781 2339 859 2395 τὴν
882 2344 907 2383 δ
914 2337 922 2351 ’
945 2337 1026 2382 οὐκ
1047 2337 1247 2395 ἠμείβετο
1266 2336 1398 2394 μύθῳ

1485 580 1529 614 35

1486 988 1530 1021 40

1487 1329 1532 1364 45
