1619 2556
597 118 664 149 111.
692 118 772 150 ΕΙΣ
795 119 973 151 EPMHN,
1391 110 1440 148 27

128 219 262 276 ἁγνὸν
289 220 584 275 ἐρισφαράγου
604 220 838 276 Γαιηόχου·
867 227 976 265 ἔνθα
995 219 1176 278 γέρῦντα

127 296 146 318 *
166 287 391 331 κνώδαλον
411 281 510 343 εὗρε
529 289 715 343 νέμοντα
735 288 866 343 παρὲξ
889 286 995 333 ὁδοῦ
1014 292 1135 344 ἕρκος
1159 289 1321 347 ἀλωῆς·

127 372 201 398 τον
220 354 425 410 πρότερος
442 356 638 411 προσέφη
657 359 825 411 Λητοῦς
845 358 1065 410 ἐρικυδέος
1084 357 1194 409 υίός·

221 416 270 465 Ὠ
290 424 417 479 γέρον
434 420 676 478 Ὀγχηστοῖο
705 424 947 478 βατοδρόπε
967 425 1204 481 ποιήεντος,
1380 435 1441 469 190

125 492 229 545 βοῦς
248 487 330 533 ἀπὸ
351 495 531 546 Πιερίης
557 489 777 546 διζήμενος
798 489 954 535 ἐνθάδ’
976 492 1124 547 ίκοὲνω,

125 556 262 607 πάσας
279 562 480 613 θηλείας,
509 556 648 608 πασας
673 557 901 612 κεράεσσιν
920 558 1099 612 ἑλικτάς,

126 626 165 676 ἐξ
185 622 359 680 ἀγέλης·
390 622 412 668 ὁ
434 625 479 668 δὲ
500 627 656 679 ταῦρος
677 625 878 680 ἐβόσκετο
897 629 1056 683 μοῦνος
1077 624 1153 671 ἀπ’
1176 626 1320 671 ἄλλων

124 691 325 742 κυάνεος·
354 693 534 748 χαροποὶ
556 693 602 735 δὲ
627 692 755 744 κύνες
775 693 1041 737 κατόπισθεν
1061 697 1214 738 ἕποντο

124 761 346 814 τέσσαρες,
374 757 476 815 ἠύτε
497 762 658 814 φῶτες,
689 757 928 816 ὁμόφρονες
942 774 950 783 ·
980 762 1117 818 οἱμὲν
1136 767 1354 817 ἔλειφθεν.
1378 772 1440 806 195

123 830 166 870 οἵ
183 844 226 870 τε
247 826 373 877 κύνες
394 825 416 870 ὅ
436 845 480 870 τε
499 830 656 882 ταῦρος
670 841 678 849 ’
707 825 730 870 ὃ
751 827 803 883 δὴ
823 829 920 882 περὶ
938 832 1090 885 θαῦμα
1109 831 1305 874 τέτυκται
1318 842 1326 851 ·

123 894 191 937 ταὶ
212 891 256 936 δ’
276 899 381 950 ἔβαν
401 892 559 950 ἠελίοιο
580 897 680 939 νέον
698 897 1038 952 καταδυομένοιο

123 964 168 1005 ἐκ
188 965 383 1017 μαλακοῦ
402 965 629 1017 λειμῶνος.
658 961 742 1006 ἀπὸ
763 969 990 1019 γλυκεροῖο
1011 976 1170 1020 νομοῖο.

122 1029 256 1073 ταῦτα
274 1047 345 1087 μοι
366 1030 481 1074 εἰπὲ.
506 1030 649 1085 γεραιὲ
674 1031 954 1086 παλαιγενὲς,
984 1039 1108 1075 εἵπου
1127 1030 1304 1082 ὄπωπας

121 1094 255 1152 ἀνέρα
270 1095 413 1142 ταῖσδ’
435 1099 503 1142 ἐπὶ
524 1099 649 1154 βουσὶ
671 1097 991 1155 διαπρήσσοντα
1010 1101 1233 1143 κέλευθον.
1373 1111 1439 1143 ‘200

227 1164 313 1208 Τὸν
333 1163 374 1208 δ’
395 1162 417 1207 ὁ
436 1167 576 1221 γέρων
596 1165 805 1222 μύθοισιν
823 1164 1106 1223 ἀμειβόμενος
1125 1169 1384 1223 προσέειπεν
1397 1182 1405 1191 ·

122 1226 156 1275 ῶ
175 1237 321 1287 φίλος,
351 1230 563 1288 ἀργαλέον
582 1233 683 1290 μὲν,
717 1231 786 1276 ὅσ’
807 1231 1104 1290 ὀφθαλμοῖσιν
1124 1239 1273 1287 ἴδοιτο,

122 1298 261 1343 πάντα
281 1301 445 1355 λέγειν·
471 1302 620 1352 πολλοὶ
640 1300 721 1356 γὰρ
741 1299 845 1345 ὁδὸν
866 1301 1135 1358 πρήσσουσιν
1154 1300 1307 1350 ὁδῖται.

121 1369 208 1411 τῶν
226 1370 270 1411 oc
284 1367 363 1423 μὲν
382 1366 492 1411 κακὰ
511 1367 646 1411 πολλὰ
666 1368 893 1425 μεμαότες,
922 1373 967 1413 οἱ
982 1370 1028 1413 δὲ
1047 1368 1148 1426 μάλ’
1170 1370 1318 1419 ἐσθλὰ.

121 1438 348 1489 φοιτῶσιν·
377 1433 562 1490 χαλεπὸν
583 1436 628 1479 δὲ
650 1435 866 1492 δαήμεναί
882 1438 999 1480 ἐστιν
1018 1439 1219 1481 ἕκαστον·
1372 1448 1440 1483 205

121 1499 257 1558 αὐτὰρ
278 1501 359 1558 ἐγώ
379 1502 552 1557 πρόπαν
571 1497 684 1559 ἦμαρ
705 1506 746 1554 ἐς
765 1501 911 1560 ἠέλιον
929 1505 1177 1548 καταδύντα
1339 1505 1342 1513 ’

121 1574 333 1614 ἔσκαπτον
352 1571 450 1625 περὶ
469 1569 630 1626 γουνὸν
649 1569 788 1627 οΞλωῆς
807 1574 1049 1616 οἰνοπέδοιο
1061 1585 1071 1595 ·

121 1640 256 1681 παῖδα
278 1635 321 1681 δ’
344 1640 490 1690 ἔδοξα.
522 1640 720 1693 φέριστε,
751 1639 885 1694 σαφὲς
907 1637 950 1683 δ’
973 1637 1052 1683 οὐκ
1071 1640 1190 1691 οἶδα,
1221 1643 1387 1696 νοῆσαι,

121 1702 235 1755 ὅστις
254 1702 276 1747 ὁ
295 1716 395 1755 παῖς
413 1704 499 1761 ἅμα
519 1707 675 1761 βουσὶν
694 1708 976 1763 ἐυκραίρῃσιν
995 1705 1148 1763 ὀπήδει

123 1771 296 1829 νήπιος,
327 1772 411 1828 εἶχε
433 1773 478 1816 δὲ
500 1772 686 1828 ῥάβδον·
718 1773 1042 1831 ἐπιστροφάδην
1064 1772 1106 1818 δ’
1129 1773 1337 1830 ἐβάδιζεν.
1372 1785 1438 1818 ’210

121 1842 301 1893 ἐξοπίσω
324 1836 365 1883 δ’
386 1837 584 1896 ἀνέεργε.
613 1840 723 1896 κάρη
744 1838 786 1884 δ’
808 1847 906 1897 ἔχον
925 1840 1074 1886 ἀντίον
1092 1840 1223 1900 αὐτῷ.

213 1911 281 1963 Φῆ
302 1904 345 1962 ῤ’
366 1904 388 1950 ὁ
403 1909 564 1962 γέρων·
584 1905 666 1952 ὅδὲ
682 1911 853 1952 θᾶσσον
867 1907 971 1953 ὁδὸν
985 1915 1051 1954 κίε
1065 1912 1212 1966 μῦθον
1231 1907 1435 1960 ἀκούσας·

118 1972 277 2018 οἰωνὸν
297 1971 337 2018 δ’
360 1974 470 2018 ἐνόει
490 1980 825 2031 τανυσίπτερον,
854 1975 1009 2020 αὐτίκα
1030 1975 1072 2020 δ’
1093 1982 1203 2032 ἔγνω

119 2040 315 2098 φηλητὴν
335 2046 530 2098 γεγαῶτα
550 2041 657 2093 Διὸς
676 2047 810 2087 παῖδα
831 2048 1092 2099 Κρονίωνος.

120 2111 365 2166 ἐσσυμένως
386 2107 431 2153 δ’
452 2108 570 2166 [ἤιξεν
589 2108 694 2163 ἅναξ
716 2110 823 2161 Διὸς
842 2110 934 2162 υίὸς
952 2110 1169 2156 Ἀπόλλων
1372 2123 1436 2155 215

120 2178 161 2226 ἐς
181 2176 333 2220 Πύλον
351 2174 547 2234 ἠγαθέην
569 2177 789 2234 διζήμενος
812 2182 1030 2230 εἰλίποδας
1050 2182 1168 2236 βοῦς,

119 2247 346 2301 πορφυρέῃ
365 2246 526 2302 νεφέλῃ
546 2248 867 2302 κεκαλυμμένος
888 2244 1038 2301 εὐρέας
1057 2245 1196 2303 ὤμους
1213 2258 1219 2267 “

119 2317 234 2367 ι”χνια
255 2310 295 2355 τ’
316 2311 563 2368 εἰσενόησεν
577 2310 805 2369 Ἑκηβόλος
826 2313 921 2358 εἶπέ
939 2331 984 2356 τε
1003 2317 1167 2370 μῦθον·
