1619 2556
187 111 237 149 30
658 119 723 151 111.
754 118 834 151 ΕΙΣ
859 119 1036 151 EPMHN.

189 222 392 272 πολλάκις
411 220 720 277 ἀντιτοροῦντα
741 222 899 278 δόμους
920 216 969 266 εὖ
987 221 1267 273 ναιετάοντας

188 296 371 347 ἔννυχον
390 288 467 347 οὐχ
488 293 562 334 ἕνα
581 293 747 347 μοῦνον
766 288 835 335 ἐπ’
857 289 982 334 οὔδεϊ
997 293 1120 346 φῶτα
1140 296 1361 334 καθίσσαι.

190 357 450 412 σκευάζοντα
471 356 567 401 κατ’
588 358 709 402 οἷκον
728 357 829 413 ἄτερ
850 357 1017 415 ψόφου,
1044 355 1104 401 οἷ’
1126 355 1362 414 άγορεύεις.
1439 368 1505 402 285

189 425 374 476 πολλοὺς
396 424 437 469 6'
458 423 702 482 άγραύλους
722 425 951 483 άκαχησεις
970 429 1267 483 μηλοβοτῆρας

188 493 339 549 οὔρεος
360 497 406 538 ἐν
426 493 612 561 βήσσῃς,
643 491 805 538 ὁπόταν
824 498 982 549 κρειῶν
1003 495 1207 548 ἐρατίζων

188 561 318 620 άντᾷς
338 555 604 617 βουκολίοισι
624 564 697 606 καὶ
718 562 960 617 εἰροπόκοις
978 559 1155 606 ὀίεσσιν.

188 628 284 674 ἀλλ’
306 628 404 685 ἄγε,
433 649 490 686 μη
509 629 707 686 πύματόν
725 649 769 674 τε
790 632 862 674 καὶ
881 628 1067 675 ὕστατον
1091 628 1234 674 ὕπνον
1254 630 1422 687 ἰαύσῃς,

188 701 234 742 ἐκ
255 703 406 742 λίκνου
426 697 682 754 κατάβαινε,
712 703 917 779 μελαίνης
937 696 1092 748 νυκτὸς
1117 700 1269 753 ἑταῖρε.
1440 706 1508 742 290

187 768 313 809 τοῦτο
333 764 414 821 γὰρ
435 766 516 808 οὑν
535 785 606 809 και
625 772 772 810 ἐπειτα
791 764 886 823 μετ’
907 765 1144 817 άθανάτοις
1163 765 1291 822 γέρας
1311 767 1430 820 ἕξεις,

186 831 315 889 άρχός
333 832 561 890 φηλητέων
580 833 806 890 κεκλήσεαι
832 833 970 891 ἤματα
990 833 1143 877 πάντα.

261 898 374 952 329³
357 899 428 981 αἶρ’
450 906 531 957 ἔφη
551 903 621 945 καὶ
640 905 776 946 παιδα
795 901 944 958 λαβὼν
973 899 1078 957 φέρε
1101 906 1260 957 Φοῖβος
1277 898 1505 944 Ἀπόλλων.

188 982 270 1012 συν
285 967 326 1013 δ’
352 967 435 1024 άρα
454 969 758 1025 φρασσάμενος
778 968 871 1013 τότε
894 968 946 1026 δὴ
965 967 1126 1024 κρατὺς
1142 967 1446 1025 Ἀργειφόντης

186 1036 345 1081 οἰωνὸν
363 1039 596 1093 προέηκεν,
628 1034 876 1094 άειρόμενος
895 1035 1000 1094 μετὰ
1019 1038 1153 1092 χερσὶ,
1443 1045 1508 1080 295

189 1104 375 1162 τλήμονα
394 1103 576 1161 γαστρὸς
596 1110 768 1161 ἔριθον,
800 1103 1050 1149 άτάσθαλον
1069 1102 1348 1160 ἀγγελιώτην.

188 1175 432 1229 ἐσσυμένως
454 1172 500 1216 δὲ
519 1170 613 1229 μετ’
635 1171 769 1217 αὐτὸν
789 1175 1019 1227 ἐπέπταρε·
1050 1183 1140 1216 τοῖο
1163 1169 1204 1216 δ’
1224 1169 1441 1215 Ἀπόλλων

188 1245 365 1293 ἔκλυεν,
395 1243 442 1285 ἐκ
461 1243 618 1296 χειρῶν
640 1241 686 1284 δὲ
706 1242 836 1298 χαμαὶ
855 1240 961 1297 βάλε
981 1239 1168 1296 κύδιμον
1181 1237 1351 1296 Ἑρμῆν.

187 1310 298 1361 ἕζετο
321 1308 367 1352 δὲ
386 1308 659 1363 προπάροιθε
674 1343 684 1361 ,
713 1310 785 1353 καὶ
805 1307 1038 1365 ἐσσύμενός
1057 1325 1138 1363 περ
1157 1304 1291 1361 ὁδοῖο,

181 1372 339 1433 Ἑρμῆν
359 1379 622 1433 κερτομέων,
651 1382 728 1420 καί
742 1395 817 1432 μιν
837 1374 944 1430 πρὸς
962 1378 1109 1432 μῦθον
1131 1380 1245 1419 ἔειπε
1259 1388 1267 1396 ·
1442 1384 1509 1418 300

290 1443 472 1499 Θάρσει,
501 1447 831 1500 σπαργανιῶτα.
863 1442 969 1494 Διὸς
989 1444 1060 1487 καὶ
1079 1442 1284 1493 Μαιάδος
1302 1443 1390 1485 υἷέ·

188 1509 355 1568 εὑρήσω
377 1513 446 1555 καὶ
467 1517 613 1556 ἔπειτα
635 1515 754 1568 βοῶν
774 1519 938 1568 ἴφθιμα
958 1510 1139 1566 κάρηνα,

190 1579 352 1630 ιυύτοις
371 1584 565 1624 οἰωνοῖσι
578 1594 587 1602 ·
615 1578 669 1623 σὺ
691 1576 735 1623 δ’
757 1574 867 1623 αὖθ’
888 1576 993 1622 ὁδὸν
1013 1575 1328 1634 ἡγεμονεύσεις.

266 1645 345 1698 “529
365 1646 470 1702 φάτ’
484 1660 493 1669 ·
514 1644 535 1689 ὁ
552 1646 594 1691 δ’
616 1640 715 1691 αὖτ’
736 1645 948 1702 άνόρουσε
963 1648 1081 1696 θοῶς
1090 1641 1509 1701 ΚυλλήνιοςἘρμῆς,

187 1718 358 1772 σπουδῇ
379 1714 479 1758 ι’ω’ν·
509 1713 638 1772 ἄμφω
661 1715 708 1758 δὲ
727 1712 834 1769 παρ’
854 1712 989 1758 οὔατα
1009 1714 1156 1769 χερσὶν
1178 1711 1307 1756 ἐώθει
1444 1722 1511 1756 305

187 1782 439 1839 σπάργανον
458 1780 569 1838 ἄμφ’
592 1781 772 1839 ὤμοισιν
792 1783 1017 1838 εἐλμένον.
1047 1781 1140 1826 εἷπε
1162 1781 1207 1824 δὲ
1227 1783 1392 1836 μῦθον·

278 1853 349 1906 Πῆ
367 1868 418 1906 με
439 1853 585 1905 φέρεις
599 1885 609 1899 ,
624 1847 848 1905 Ἑκάεργε,
869 1852 990 1893 θεῶν
1014 1850 1293 1904 ζαμενέστατε
1314 1846 1510 1897 πάντωνς

188 1911 211 1973 ἦ
230 1936 282 1975 με
302 1921 419 1973 βοῶν
438 1915 551 1974 ἕνεχ’
573 1911 658 1961 ὦδε
678 1917 939 1974 χολούμενος
957 1914 1281 1972 ὀρσολοπεύεις;

187 1979 221 2028 ὦ
240 1984 390 2039 πόποι,
421 1992 494 2030 εἴθ
512 1983 715 2029 ἀπόλοιτο
735 1988 854 2041 βοῶν
872 1987 1017 2040 γένος·
1045 1981 1097 2027 ού
1117 1981 1198 2039 γὰρ
1219 1988 1354 2038 ἔγωγε

187 2050 393 2110 ὑμετέρας
414 2058 572 2104 ἔκλεψα
592 2052 716 2109 βόας,
744 2050 847 2096 οὐδ’
871 2050 1005 2096 ἄλλον
1024 2048 1193 2101 ὄπωπα,
1449 2061 1513 2094 310

185 2122 345 2171 αἵτινές
366 2126 448 2165 εἰσι
467 2119 565 2176 βόες
579 2133 587 2142 ·
614 2119 661 2164 τὸ
682 2120 728 2164 δὲ
750 2119 802 2177 δὴ
823 2121 945 2170 κλέος
965 2119 1058 2163 οἷον
1078 2116 1235 2162 άκούω.

187 2187 259 2239 δὸς
280 2189 324 2232 6}-
349 2192 475 2244 δίκην
495 2189 567 2231 καὶ
587 2190 682 2241 δέξο
702 2186 819 2243 παρὰ
839 2187 946 2242 Ζηνὶ
966 2191 1200 2240 Κρονίωνι.

290 2254 437 2309 Αὐτὰρ
460 2256 553 2300 ἐπεὶ
572 2253 624 2298 τὰ
643 2258 801 2299 ἕκαστα
823 2253 1065 2310 διαρρήδην
1086 2256 1310 2307 ἐρίδαινον

179 2322 332 2380 Ἐρμῆς
357 2321 398 2367 τ’
419 2321 614 2372 οἰοπόλος
635 2324 706 2366 καὶ
726 2324 893 2379 Λητοῦς
911 2318 1070 2376 άγλαός
1093 2319 1199 2371 υίὸς,
