1619 2556
415 132 461 162 11.
499 130 576 162 ΕΙΣ
597 130 869 163 ΑΠΟΛΛΩΝΑ
896 129 1097 163 ΠΤΘΙΟΝ.
1364 125 1412 160 15

190 232 425 280 Ἐνταυθοῑ
439 237 525 278 νῦν
544 233 690 279 πύθευ
711 237 781 279 ἐπὶ
800 236 930 291 χθονὶ
949 240 1232 291 βωτιανείρῃ·
1353 245 1412 280 185

91 302 193 346 οὐδὲ
213 316 319 359 συγε
338 302 507 357 ζώουσα
526 301 664 346 κακὸν
684 302 852 359 δήλημα
871 307 1094 359 βροτοῖσιν

91 374 256 424 ἔσσεαι,
288 376 331 414 οἳ
347 376 471 427 γαίης
492 369 778 427 πολυφόρβου
797 368 965 425 καρπὸν
985 373 1156 420 ἔδοντες
1313 373 1410 423 [365]

90 436 248 481 ἐνθάδ’
269 436 525 495 ἀγινήσουσι
544 437 773 494 τεληέσσας
794 437 1052 494 ἑκατόμβας·

89 503 193 550 οὐδὲ
212 511 255 549 τί
272 523 336 548 τοι
354 505 553 550 θάνατόν
571 523 620 561 γε
641 503 867 562 δυσηλεγέ’
887 503 987 549 οὔτε
1012 503 1222 561 Τυφωεὺς

88 571 262 629 ἀρκέσει
281 571 381 617 οὔτε
400 579 591 630 Χίμαιρα
618 574 896 630 δυσώνυμος,
920 571 1028 617 ἄλλα
1047 571 1096 617 σέ
1114 570 1158 629 γ’
1179 569 1316 615 αὐτοῦ
1349 581 1409 615 190

44 643 48 644 ⁷
88 639 216 684 πύσει
236 645 346 684 Γαῖα
366 641 549 697 μέλαινα
569 641 642 684 καὶ
659 639 852 698 ἠλέκτωρ
865 638 1088 695 Ὑπερίων.

172 706 252 759 “ῼς
265 706 367 763 φάτ’
384 708 670 765 ἐπευχόμενος
682 722 690 730 ·
706 707 785 764 τὴν
796 708 842 752 δὲ
853 707 1002 759 σκότος
1013 706 1114 752 ὅσσε
1128 707 1406 760 καλυψε.[370]

88 775 166 832 τὴν
187 773 228 819 δ’
248 774 386 819 αὐτοῦ
403 773 614 821 κατέπυσ’
641 776 759 833 ἱερὸν
777 775 907 833 με’νος
923 774 1119 826 Ἠελίοιο,

87 845 129 896 ἐξ
150 837 202 887 οὗ
221 846 305 886 νῦν
324 842 467 888 Πυθὼ
487 842 759 900 κικλήσκεται
774 856 782 864 ·
810 847 855 887 οἱ
871 844 918 887 δὲ
938 841 1102 887 ἄνακτα

86 910 265 955 Πύθιον
284 912 516 955 καλέουσιν
536 910 787 968 ἐπώνυμον,
814 907 974 955 οὕνεκα
994 918 1113 955 κεῖθι
1349 921 1409 954 195

86 976 221 1022 αὐτοῦ
241 981 351 1022 πῦσε
370 981 514 1035 πέλωρ
533 983 661 1036 μένος
680 976 795 1031 ὀξέος
812 976 1004 1023 Ἠελίοιο.

153 1047 240 1090 Καὶ
252 1043 338 1090 τότ’
355 1043 420 1102 ἄρ’
436 1051 548 1103 ἔγνω
558 1041 661 1103 ᾗσιν
673 1047 742 1090 ἐπὶ
753 1048 882 1101 φρεσὶ
895 1051 1055 1102 Φοῖβος
1063 1044 1295 1101 Ἀπόλλων,
1310 1048 1405 1098 [375]

85 1112 246 1158 οὕνεκά
266 1132 342 1171 μιν
358 1113 495 1171 κρήνη
515 1119 769 1170 καλλίρροος
789 1107 1057 1170 ἐξαπάφησε·

85 1184 140 1238 βῆ
161 1179 203 1225 δ’
226 1183 295 1225 ἐπὶ
321 1181 548 1238 Τελφούσῃ
567 1184 880 1238 κεχολωμένος,
909 1182 1016 1234 αἶψα
1036 1178 1079 1224 δ’
1101 1185 1243 1225 tuave·

85 1252 163 1305 στῆ
183 1248 229 1293 δὲ
249 1246 350 1305 μάλ’
371 1247 468 1306 ἄγχ’
490 1247 622 1305 αὐτῆς
642 1255 719 1294 καί
733 1268 808 1306 μιν
828 1248 935 1306 πρὸς
954 1251 1100 1306 μῦθον
1120 1253 1256 1293 ἔειπε·
1339 1259 1406 1293 200

191 1315 424 1371 Τελφοῦσ’,
453 1314 532 1360 οὐκ
552 1314 623 1373 ἄρ’
645 1321 816 1373 ἔμελλες
836 1314 940 1373 ἐμὸν
958 1315 1062 1361 νόον
1081 1318 1363 1373 ἐξαπαφοῦσα

84 1402 226 1439 χωρον
245 1381 390 1440 ἕχουσ’
412 1383 566 1468 ἐρατον
585 1385 789 1441 προρέειν
808 1390 1067 1441 καλλίρροον
1085 1381 1218 1438 ὕδωρ.
1308 1387 1405 1435 [380]

86 1451 246 1496 ἐνθάδε
267 1450 320 1508 δὴ
338 1453 411 1495 καὶ
430 1451 534 1508 ἐμὸν
548 1453 669 1502 κλέος
689 1456 880 1507 ἔσσεται,
908 1451 1012 1497 οὐδε
1030 1450 1110 1495 σὸν
1127 1459 1229 1509 οἴης.

181 1521 233 1562 H
248 1520 320 1563 καὶ
339 1520 409 1564 ἐπὶ
429 1521 525 1575 ῥίον
548 1513 661 1563 ὦσεν
681 1517 828 1573 αναξ”
808 1519 1010 1577 εκάεργος
1026 1517 1245 1563 Ἀπόλλων

85 1592 290 1643 πετραίῃς
308 1589 567 1644 προχοῇσιν,
597 1584 850 1643 απέκρυψεν
871 1588 918 1632 δε
939 1590 1115 1645 ρέεθρα,
1338 1597 1404 1630 205

83 1655 155 1698 καὶ
170 1654 321 1711 βωμὸν
339 1652 542 1712 ποιήσατ’
564 1657 612 1699 ἐν
632 1653 757 1699 ἄλσεϊ
775 1655 1043 1713 δενδρήεντι,

82 1720 181 1778 ἄγχι
199 1722 313 1779 μάλα
331 1721 492 1779 κρήνης
512 1721 794 1779 καλλιρρόου·
826 1727 936 1768 ἔνθα
959 1720 1002 1766 δ’
1023 1721 1178 1767 ἄνακτι
1308 1724 1403 1775 [385]

82 1788 240 1841 πάντες
259 1792 486 1846 ἐπίκλησιν
511 1795 764 1849 Τελφουσίῳ
785 1788 1083 1847 εὐχετόωνται,

81 1856 240 1901 οὕνεκα
266 1857 516 1914 Τελφούσης
537 1861 653 1914 ἱερῆς
671 1857 834 1915 ᾔσχυνε
856 1860 1029 1914 ῥέεθρα.

157 1927 244 1970 Καὶ
254 1924 349 1969 τότε
365 1924 417 1982 δὴ
427 1923 535 1969 κατὰ
547 1924 695 1981 θυμὸν
708 1924 911 1982 ἐφράζετο
924 1931 1084 1982 Φοῖβος
1094 1923 1327 1979 Ἀπολλων,
1341 1935 1404 1968 210

81 1991 284 2044 οὕστινας
304 1990 568 2049 ἀνθρώπους
589 1990 791 2049 ὀργίονας
811 1992 1097 2049 εἰσαγάγοιτο,

81 2066 125 2105 οἳ
142 2060 490 2117 θεραπεύσονται
510 2066 665 2105 Πυθοῖ
680 2065 745 2106 ἔνι
765 2062 1005 2118 πετρηέσσῃ
1306 2063 1403 2112 [390]

82 2127 175 2184 ἱεροὶ
193 2146 239 2172 τε
259 2130 430 2184 ῥέξουσι
448 2130 520 2172 καὶ
539 2126 793 2184 ἀγγελέουσι
811 2129 1020 2184 θέμιστας

84 2200 252 2252 Φοίβου
269 2194 536 2246 ’Λπόλλωνος
554 2209 821 2252 χρυσαορου,
849 2194 940 2240 ὅττι
959 2213 1036 2239 κεν
1056 2201 1155 2252 εἴπῃ

83 2269 239 2320 χρείων
259 2266 306 2308 ἐκ
326 2263 495 2320 δάφνης
513 2261 690 2319 γυάλων
709 2261 793 2307 ὕπο
812 2268 1076 2320 Παρνησοῖο.
1338 2273 1402 2304 215

82 2328 204 2374 ταῦτ’
225 2328 308 2385 ἆρα
326 2328 549 2387 ὁρμαίνων
570 2328 716 2387 ἐνόησ’
737 2331 807 2374 ἐπὶ
825 2338 970 2374 οἴνοπι
990 2328 1135 2389 πόντῳ
