<?xml version="1.0" encoding="UTF-8"?>
<!DOCTYPE html PUBLIC "-//W3C//DTD XHTML 1.0 Transitional//EN"
    "http://www.w3.org/TR/xhtml1/DTD/xhtml1-transitional.dtd">
<html xmlns="http://www.w3.org/1999/xhtml" xml:lang="en" lang="en">
 <head>
  <title>
</title>
<meta http-equiv="Content-Type" content="text/html;charset=utf-8" />
  <meta name='ocr-system' content='tesseract 3.04.00' />
  <meta name='ocr-capabilities' content='ocr_page ocr_carea ocr_par ocr_line ocrx_word'/>
</head>
<body>
  <div class='ocr_page' id='page_1' title='image "./hymnihomericiacc00homeuoft_0076.png"; bbox 0 0 1619 2556; ppageno 0'>
   <div class='ocr_carea' id='block_1_1' title="bbox 173 89 1064 131">
    <p class='ocr_par' dir='ltr' id='par_1_1' title="bbox 173 89 1064 131">
     <span class='ocr_line' id='line_1_1' title="bbox 173 89 1064 131; baseline 0.003 -3"><span class='ocrx_word' id='word_1_1' title='bbox 173 89 226 129; x_wconf 81' lang='lat'><em>58</em></span> <span class='ocrx_word' id='word_1_2' title='bbox 600 99 643 129; x_wconf 89' lang='lat' dir='ltr'><em>v.</em></span> <span class='ocrx_word' id='word_1_3' title='bbox 680 99 759 130; x_wconf 77' lang='grc' dir='ltr'><em>ΕΙΣ</em></span> <span class='ocrx_word' id='word_1_4' title='bbox 786 99 1064 131; x_wconf 78' lang='grc' dir='ltr'><strong>ΔΗΜΗΤΡΑΝ.</strong></span> 
     </span>
    </p>
   </div>
   <div class='ocr_carea' id='block_1_2' title="bbox 166 199 1502 2371">
    <p class='ocr_par' dir='ltr' id='par_1_2' title="bbox 172 199 1502 873">
     <span class='ocr_line' id='line_1_2' title="bbox 176 199 1355 259; baseline 0.001 -13"><span class='ocrx_word' id='word_1_5' title='bbox 176 207 201 246; x_wconf 84' lang='grc' dir='ltr'><em>δ</em></span> <span class='ocrx_word' id='word_1_6' title='bbox 206 202 309 258; x_wconf 84' lang='grc' dir='ltr'><em>ηρόν</em></span> <span class='ocrx_word' id='word_1_7' title='bbox 331 199 375 246; x_wconf 85' lang='grc' dir='ltr'><em>δ’</em></span> <span class='ocrx_word' id='word_1_8' title='bbox 396 200 623 259; x_wconf 77' lang='grc' dir='ltr'><em>ἄφθογγος</em></span> <span class='ocrx_word' id='word_1_9' title='bbox 644 204 792 258; x_wconf 80' lang='grc' dir='ltr'><em>γένετο</em></span> <span class='ocrx_word' id='word_1_10' title='bbox 812 201 992 259; x_wconf 78' lang='grc' dir='ltr'><em>χρόνον,</em></span> <span class='ocrx_word' id='word_1_11' title='bbox 1019 202 1128 248; x_wconf 81' lang='grc' dir='ltr'><em>οὐδέ</em></span> <span class='ocrx_word' id='word_1_12' title='bbox 1143 223 1182 248; x_wconf 92' lang='grc' dir='ltr'><em>τι</em></span> <span class='ocrx_word' id='word_1_13' title='bbox 1201 206 1355 257; x_wconf 80' lang='grc' dir='ltr'><em>παιδὸς</em></span> 
     </span>
     <span class='ocr_line' id='line_1_3' title="bbox 173 268 1222 328; baseline 0.001 -13"><span class='ocrx_word' id='word_1_14' title='bbox 173 271 365 328; x_wconf 84' lang='grc' dir='ltr'><em>μνήσατο</em></span> <span class='ocrx_word' id='word_1_15' title='bbox 385 271 636 327; x_wconf 80' lang='grc' dir='ltr'><em>τηλυγέτοιο</em></span> <span class='ocrx_word' id='word_1_16' title='bbox 655 268 739 314; x_wconf 87' lang='grc' dir='ltr'><em>άπὸ</em></span> <span class='ocrx_word' id='word_1_17' title='bbox 761 272 955 315; x_wconf 80' lang='grc' dir='ltr'><em>δαπέδου</em></span> <span class='ocrx_word' id='word_1_18' title='bbox 974 269 1222 316; x_wconf 89' lang='grc' dir='ltr'><em>ἀνελέσθαι.</em></span> 
     </span>
     <span class='ocr_line' id='line_1_4' title="bbox 176 337 1237 396; baseline 0.002 -14"><span class='ocrx_word' id='word_1_19' title='bbox 176 343 251 383; x_wconf 81' lang='grc' dir='ltr'><em>τοῦ</em></span> <span class='ocrx_word' id='word_1_20' title='bbox 271 339 317 383; x_wconf 74' lang='grc' dir='ltr'><em>δὲ</em></span> <span class='ocrx_word' id='word_1_21' title='bbox 337 343 594 394; x_wconf 83' lang='grc' dir='ltr'><em>κασίγνηται</em></span> <span class='ocrx_word' id='word_1_22' title='bbox 613 337 769 395; x_wconf 85' lang='grc' dir='ltr'><em>φωνὴν</em></span> <span class='ocrx_word' id='word_1_23' title='bbox 788 337 1033 383; x_wconf 78' lang='grc' dir='ltr'><em>ἐσάκουσαν</em></span> <span class='ocrx_word' id='word_1_24' title='bbox 1052 339 1237 396; x_wconf 78' lang='grc' dir='ltr'><em>ἐλεινὴν.</em></span> 
     </span>
     <span class='ocr_line' id='line_1_5' title="bbox 175 403 1501 465; baseline 0.003 -15"><span class='ocrx_word' id='word_1_25' title='bbox 175 406 258 451; x_wconf 81' lang='grc' dir='ltr'><em>κὰδ</em></span> <span class='ocrx_word' id='word_1_26' title='bbox 282 404 325 451; x_wconf 88' lang='grc' dir='ltr'><em>δ’</em></span> <span class='ocrx_word' id='word_1_27' title='bbox 341 404 413 461; x_wconf 75' lang='grc' dir='ltr'><em>ἄρ’</em></span> <span class='ocrx_word' id='word_1_28' title='bbox 427 403 504 450; x_wconf 82' lang='grc' dir='ltr'><em>ἀπ’</em></span> <span class='ocrx_word' id='word_1_29' title='bbox 517 403 774 462; x_wconf 76' lang='grc' dir='ltr'><em>εὐστρώτων</em></span> <span class='ocrx_word' id='word_1_30' title='bbox 786 408 948 463; x_wconf 79' lang='grc' dir='ltr'><em>λεχέων</em></span> <span class='ocrx_word' id='word_1_31' title='bbox 962 407 1122 463; x_wconf 82' lang='grc' dir='ltr'><em>θόρον·</em></span> <span class='ocrx_word' id='word_1_32' title='bbox 1142 405 1260 465; x_wconf 76' lang='grc' dir='ltr'><em>ἡμὲν</em></span> <span class='ocrx_word' id='word_1_33' title='bbox 1274 414 1421 454; x_wconf 79' lang='grc' dir='ltr'><em>ἔπειτα</em></span> <span class='ocrx_word' id='word_1_34' title='bbox 1436 421 1501 454; x_wconf 78' lang='lat'><em>285</em></span> 
     </span>
     <span class='ocr_line' id='line_1_6' title="bbox 176 472 1275 535; baseline 0.003 -18"><span class='ocrx_word' id='word_1_35' title='bbox 176 472 301 520; x_wconf 69' lang='grc' dir='ltr'><em>παῖδ’</em></span> <span class='ocrx_word' id='word_1_36' title='bbox 322 472 405 518; x_wconf 81' lang='grc' dir='ltr'><em>άνὰ</em></span> <span class='ocrx_word' id='word_1_37' title='bbox 424 475 574 531; x_wconf 90' lang='grc' dir='ltr'><em>χερσὶν</em></span> <span class='ocrx_word' id='word_1_38' title='bbox 594 475 752 519; x_wconf 84' lang='grc' dir='ltr'><em>ἑλοῦσα</em></span> <span class='ocrx_word' id='word_1_39' title='bbox 772 476 829 533; x_wconf 74' lang='grc' dir='ltr'><em>ἑῷ</em></span> <span class='ocrx_word' id='word_1_40' title='bbox 849 474 1086 530; x_wconf 79' lang='grc' dir='ltr'><em>ἐγκάτθετο</em></span> <span class='ocrx_word' id='word_1_41' title='bbox 1106 475 1253 535; x_wconf 77' lang='grc' dir='ltr'><em>κόλπῳ</em></span> <span class='ocrx_word' id='word_1_42' title='bbox 1266 490 1275 498; x_wconf 91' lang='grc'><em>·</em></span> 
     </span>
     <span class='ocr_line' id='line_1_7' title="bbox 176 540 1365 600; baseline 0.004 -14"><span class='ocrx_word' id='word_1_43' title='bbox 176 541 198 600; x_wconf 79' lang='grc' dir='ltr'>ἡ</span> <span class='ocrx_word' id='word_1_44' title='bbox 221 541 262 586; x_wconf 90' lang='grc' dir='ltr'><em>δ’</em></span> <span class='ocrx_word' id='word_1_45' title='bbox 284 541 368 598; x_wconf 74' lang='grc' dir='ltr'><em>ἄρα</em></span> <span class='ocrx_word' id='word_1_46' title='bbox 387 545 475 599; x_wconf 86' lang='grc' dir='ltr'><em>πῦρ</em></span> <span class='ocrx_word' id='word_1_47' title='bbox 496 540 682 587; x_wconf 87' lang='grc' dir='ltr'><em>ἀνέκαι’·</em></span> <span class='ocrx_word' id='word_1_48' title='bbox 710 540 736 599; x_wconf 83' lang='grc' dir='ltr'>ἡ</span> <span class='ocrx_word' id='word_1_49' title='bbox 757 540 802 586; x_wconf 87' lang='grc' dir='ltr'><em>δ’</em></span> <span class='ocrx_word' id='word_1_50' title='bbox 824 547 977 587; x_wconf 83' lang='grc' dir='ltr'><em>ἔσσυτο</em></span> <span class='ocrx_word' id='word_1_51' title='bbox 999 541 1126 587; x_wconf 85' lang='grc' dir='ltr'><em>πόσσ’</em></span> <span class='ocrx_word' id='word_1_52' title='bbox 1148 541 1365 591; x_wconf 79' lang='grc' dir='ltr'><em>ἁπαλοῖσι.</em></span> 
     </span>
     <span class='ocr_line' id='line_1_8' title="bbox 173 608 1180 668; baseline 0.002 -14"><span class='ocrx_word' id='word_1_53' title='bbox 173 609 321 668; x_wconf 80' lang='grc' dir='ltr'><em>μητέρ’</em></span> <span class='ocrx_word' id='word_1_54' title='bbox 343 608 647 667; x_wconf 70' lang='grc' dir='ltr'><em>ἀναστήσουσα</em></span> <span class='ocrx_word' id='word_1_55' title='bbox 665 609 865 662; x_wconf 77' lang='grc' dir='ltr'><em>θυώδεος</em></span> <span class='ocrx_word' id='word_1_56' title='bbox 885 613 932 655; x_wconf 89' lang='grc' dir='ltr'><em>ἐκ</em></span> <span class='ocrx_word' id='word_1_57' title='bbox 953 611 1180 668; x_wconf 78' lang='grc' dir='ltr'><em>θαλάμοιο.</em></span> 
     </span>
     <span class='ocr_line' id='line_1_9' title="bbox 172 676 1209 736; baseline 0.001 -14"><span class='ocrx_word' id='word_1_58' title='bbox 172 677 409 736; x_wconf 75' lang='grc' dir='ltr'><em>ἀγρόμεναι</em></span> <span class='ocrx_word' id='word_1_59' title='bbox 431 680 481 723; x_wconf 90' lang='grc' dir='ltr'><em>δέ</em></span> <span class='ocrx_word' id='word_1_60' title='bbox 495 697 571 735; x_wconf 91' lang='grc' dir='ltr'><em>μιν</em></span> <span class='ocrx_word' id='word_1_61' title='bbox 590 676 722 735; x_wconf 78' lang='grc' dir='ltr'><em>ἀμφὶς</em></span> <span class='ocrx_word' id='word_1_62' title='bbox 742 677 919 723; x_wconf 84' lang='grc' dir='ltr'><em>ἐλούεον</em></span> <span class='ocrx_word' id='word_1_63' title='bbox 940 677 1209 735; x_wconf 80' lang='grc' dir='ltr'><em>ἀσπαίροντα</em></span> 
     </span>
     <span class='ocr_line' id='line_1_10' title="bbox 172 744 1502 804; baseline 0.002 -14"><span class='ocrx_word' id='word_1_64' title='bbox 172 745 590 804; x_wconf 81' lang='grc' dir='ltr'><em>ἀμφαγαπαζόμεναι</em></span> <span class='ocrx_word' id='word_1_65' title='bbox 603 759 612 768; x_wconf 90' lang='grc'><em>·</em></span> <span class='ocrx_word' id='word_1_66' title='bbox 642 750 721 791; x_wconf 87' lang='grc' dir='ltr'><em>τοῦ</em></span> <span class='ocrx_word' id='word_1_67' title='bbox 741 744 782 790; x_wconf 85' lang='grc' dir='ltr'><em>δ’</em></span> <span class='ocrx_word' id='word_1_68' title='bbox 804 744 856 790; x_wconf 82' lang='grc' dir='ltr'><em>οὐ</em></span> <span class='ocrx_word' id='word_1_69' title='bbox 875 752 1118 804; x_wconf 86' lang='grc' dir='ltr'><em>μειλίσσετο</em></span> <span class='ocrx_word' id='word_1_70' title='bbox 1138 747 1280 804; x_wconf 79' lang='grc' dir='ltr'><em>θυμός</em></span> <span class='ocrx_word' id='word_1_71' title='bbox 1294 761 1303 769; x_wconf 95' lang='grc'><em>·</em></span> <span class='ocrx_word' id='word_1_72' title='bbox 1435 759 1502 794; x_wconf 74' lang='lat'><em>290</em></span> 
     </span>
     <span class='ocr_line' id='line_1_11' title="bbox 173 813 1283 873; baseline 0.001 -14"><span class='ocrx_word' id='word_1_73' title='bbox 173 814 413 871; x_wconf 84' lang='grc' dir='ltr'><em>χειρότεραι</em></span> <span class='ocrx_word' id='word_1_74' title='bbox 432 813 514 871; x_wconf 78' lang='grc' dir='ltr'><em>γὰρ</em></span> <span class='ocrx_word' id='word_1_75' title='bbox 537 814 590 871; x_wconf 88' lang='grc' dir='ltr'><em>δή</em></span> <span class='ocrx_word' id='word_1_76' title='bbox 612 834 688 871; x_wconf 94' lang='grc' dir='ltr'><em>μιν</em></span> <span class='ocrx_word' id='word_1_77' title='bbox 707 819 807 872; x_wconf 85' lang='grc' dir='ltr'><em>ἔχον</em></span> <span class='ocrx_word' id='word_1_78' title='bbox 825 815 979 871; x_wconf 86' lang='grc' dir='ltr'><em>τροφοὶ</em></span> <span class='ocrx_word' id='word_1_79' title='bbox 998 813 1074 873; x_wconf 80' lang='grc' dir='ltr'><em>ἠδὲ</em></span> <span class='ocrx_word' id='word_1_80' title='bbox 1094 818 1283 872; x_wconf 81' lang='grc' dir='ltr'><em>τιθῆναι.</em></span> 
     </span>
    </p>

    <p class='ocr_par' dir='ltr' id='par_1_3' title="bbox 166 881 1502 2371">
     <span class='ocr_line' id='line_1_12' title="bbox 257 881 1254 941; baseline 0.001 -14"><span class='ocrx_word' id='word_1_81' title='bbox 257 889 317 928; x_wconf 58' lang='lat' dir='ltr'><em>A&amp;</em></span> <span class='ocrx_word' id='word_1_82' title='bbox 333 883 414 941; x_wconf 73' lang='grc' dir='ltr'><em>μὲν</em></span> <span class='ocrx_word' id='word_1_83' title='bbox 433 881 670 939; x_wconf 84' lang='grc' dir='ltr'><em>παννύχιαι</em></span> <span class='ocrx_word' id='word_1_84' title='bbox 690 882 859 939; x_wconf 88' lang='grc' dir='ltr'><em>κυδρὴν</em></span> <span class='ocrx_word' id='word_1_85' title='bbox 884 882 994 927; x_wconf 89' lang='grc' dir='ltr'><em>θεὸν</em></span> <span class='ocrx_word' id='word_1_86' title='bbox 1014 884 1254 929; x_wconf 79' lang='grc' dir='ltr'><em>ἱλάσκοντο.</em></span> 
     </span>
     <span class='ocr_line' id='line_1_13' title="bbox 174 949 1268 1009; baseline -0.001 -13"><span class='ocrx_word' id='word_1_87' title='bbox 174 955 342 1009; x_wconf 78' lang='grc' dir='ltr'><em>δείματι</em></span> <span class='ocrx_word' id='word_1_88' title='bbox 364 950 654 1008; x_wconf 82' lang='grc' dir='ltr'><em>παλλόμεναι·</em></span> <span class='ocrx_word' id='word_1_89' title='bbox 683 949 770 1008; x_wconf 72' lang='grc' dir='ltr'><em>ἅμα</em></span> <span class='ocrx_word' id='word_1_90' title='bbox 790 949 834 995; x_wconf 91' lang='grc' dir='ltr'><em>δ’</em></span> <span class='ocrx_word' id='word_1_91' title='bbox 856 949 927 1008; x_wconf 81' lang='grc' dir='ltr'><em>ἠοῖ</em></span> <span class='ocrx_word' id='word_1_92' title='bbox 941 955 1268 1009; x_wconf 75' lang='grc' dir='ltr'><em>φαινομένηφιν</em></span> 
     </span>
     <span class='ocr_line' id='line_1_14' title="bbox 173 1017 1054 1078; baseline 0.001 -15"><span class='ocrx_word' id='word_1_93' title='bbox 173 1017 358 1077; x_wconf 81' lang='grc' dir='ltr'><em>εὐρυβίῃ</em></span> <span class='ocrx_word' id='word_1_94' title='bbox 378 1022 531 1078; x_wconf 76' lang='grc' dir='ltr'><em>Κελεῷ</em></span> <span class='ocrx_word' id='word_1_95' title='bbox 549 1020 763 1076; x_wconf 87' lang='grc' dir='ltr'><em>νημερτέα</em></span> <span class='ocrx_word' id='word_1_96' title='bbox 782 1018 1054 1076; x_wconf 82' lang='grc' dir='ltr'><em>μυθήσαντο,</em></span> 
     </span>
     <span class='ocr_line' id='line_1_15' title="bbox 174 1085 1502 1145; baseline -0.001 -12"><span class='ocrx_word' id='word_1_97' title='bbox 174 1085 230 1139; x_wconf 76' lang='grc' dir='ltr'><em>ὡς</em></span> <span class='ocrx_word' id='word_1_98' title='bbox 252 1090 452 1133; x_wconf 84' lang='grc' dir='ltr'><em>ἐπέτελλε</em></span> <span class='ocrx_word' id='word_1_99' title='bbox 471 1086 556 1132; x_wconf 79' lang='grc' dir='ltr'><em>θεὰ</em></span> <span class='ocrx_word' id='word_1_100' title='bbox 569 1122 579 1141; x_wconf 77' lang='lat'>,</span> <span class='ocrx_word' id='word_1_101' title='bbox 610 1089 953 1143; x_wconf 83' lang='grc' dir='ltr'><em>καλλιστέφανος</em></span> <span class='ocrx_word' id='word_1_102' title='bbox 971 1088 1194 1145; x_wconf 88' lang='grc' dir='ltr'><em>Δημήτηρ.</em></span> <span class='ocrx_word' id='word_1_103' title='bbox 1435 1098 1502 1132; x_wconf 72' lang='lat'><em>295</em></span> 
     </span>
     <span class='ocr_line' id='line_1_16' title="bbox 171 1153 1313 1213; baseline 0 -13"><span class='ocrx_word' id='word_1_104' title='bbox 171 1153 310 1211; x_wconf 81' lang='grc' dir='ltr'><em>αὐτὰρ</em></span> <span class='ocrx_word' id='word_1_105' title='bbox 330 1154 399 1212; x_wconf 80' lang='grc' dir='ltr'><em>ὅγ’</em></span> <span class='ocrx_word' id='word_1_106' title='bbox 422 1160 483 1207; x_wconf 85' lang='grc' dir='ltr'><em>εἰς</em></span> <span class='ocrx_word' id='word_1_107' title='bbox 502 1153 667 1213; x_wconf 82' lang='grc' dir='ltr'><em>ἀγορὴν</em></span> <span class='ocrx_word' id='word_1_108' title='bbox 686 1157 869 1206; x_wconf 78' lang='grc' dir='ltr'><em>καλέσας</em></span> <span class='ocrx_word' id='word_1_109' title='bbox 889 1161 1187 1211; x_wconf 86' lang='grc' dir='ltr'><em>πολυπείρονα</em></span> <span class='ocrx_word' id='word_1_110' title='bbox 1207 1155 1313 1200; x_wconf 83' lang='grc' dir='ltr'><em>λαὸν</em></span> 
     </span>
     <span class='ocr_line' id='line_1_17' title="bbox 174 1222 1030 1283; baseline -0.002 -15"><span class='ocrx_word' id='word_1_111' title='bbox 174 1222 309 1281; x_wconf 78' lang='grc' dir='ltr'><em>ἤνωγ’</em></span> <span class='ocrx_word' id='word_1_112' title='bbox 333 1222 511 1283; x_wconf 81' lang='grc' dir='ltr'><em>ἠϋκόμῳ</em></span> <span class='ocrx_word' id='word_1_113' title='bbox 532 1222 756 1280; x_wconf 89' lang='grc' dir='ltr'><em>Δημήτερι</em></span> <span class='ocrx_word' id='word_1_114' title='bbox 772 1228 903 1268; x_wconf 89' lang='grc' dir='ltr'><em>πίονα</em></span> <span class='ocrx_word' id='word_1_115' title='bbox 922 1222 1030 1281; x_wconf 88' lang='grc' dir='ltr'><em>νηὸν</em></span> 
     </span>
     <span class='ocr_line' id='line_1_18' title="bbox 171 1289 1163 1351; baseline 0 -15"><span class='ocrx_word' id='word_1_116' title='bbox 171 1296 347 1349; x_wconf 88' lang='grc' dir='ltr'><em>ποιῆσαι</em></span> <span class='ocrx_word' id='word_1_117' title='bbox 367 1293 437 1336; x_wconf 83' lang='grc' dir='ltr'><em>καὶ</em></span> <span class='ocrx_word' id='word_1_118' title='bbox 459 1290 609 1348; x_wconf 86' lang='grc' dir='ltr'><em>βωμὸν</em></span> <span class='ocrx_word' id='word_1_119' title='bbox 628 1293 698 1336; x_wconf 84' lang='grc' dir='ltr'><em>ἐπὶ</em></span> <span class='ocrx_word' id='word_1_120' title='bbox 716 1289 952 1348; x_wconf 80' lang='grc' dir='ltr'><em>προῦχοντι</em></span> <span class='ocrx_word' id='word_1_121' title='bbox 972 1295 1163 1351; x_wconf 77' lang='grc' dir='ltr'><em>κολωνῷ.</em></span> 
     </span>
     <span class='ocr_line' id='line_1_19' title="bbox 170 1358 1331 1417; baseline 0.001 -13"><span class='ocrx_word' id='word_1_122' title='bbox 170 1363 215 1404; x_wconf 79' lang='grc' dir='ltr'><em>οἵ</em></span> <span class='ocrx_word' id='word_1_123' title='bbox 231 1360 278 1404; x_wconf 79' lang='grc' dir='ltr'><em>δὲ</em></span> <span class='ocrx_word' id='word_1_124' title='bbox 299 1358 402 1417; x_wconf 89' lang='grc' dir='ltr'><em>μάλ’</em></span> <span class='ocrx_word' id='word_1_125' title='bbox 424 1358 521 1410; x_wconf 77' lang='grc' dir='ltr'><em>αἶψ’</em></span> <span class='ocrx_word' id='word_1_126' title='bbox 544 1362 753 1404; x_wconf 84' lang='grc' dir='ltr'><em>ἐπίθοντο</em></span> <span class='ocrx_word' id='word_1_127' title='bbox 776 1361 849 1404; x_wconf 86' lang='grc' dir='ltr'><em>καὶ</em></span> <span class='ocrx_word' id='word_1_128' title='bbox 869 1364 1027 1404; x_wconf 84' lang='grc' dir='ltr'><em>ἔκλυον</em></span> <span class='ocrx_word' id='word_1_129' title='bbox 1045 1358 1331 1417; x_wconf 75' lang='grc' dir='ltr'><em>αὐδήσαντος,</em></span> 
     </span>
     <span class='ocr_line' id='line_1_20' title="bbox 171 1424 1500 1486; baseline 0 -13"><span class='ocrx_word' id='word_1_130' title='bbox 171 1431 325 1485; x_wconf 84' lang='grc' dir='ltr'><em>τεῦχον</em></span> <span class='ocrx_word' id='word_1_131' title='bbox 346 1431 371 1471; x_wconf 92' lang='grc' dir='ltr'><em>δ</em></span> <span class='ocrx_word' id='word_1_132' title='bbox 380 1425 404 1482; x_wconf 71' lang='grc'><em>’,</em></span> <span class='ocrx_word' id='word_1_133' title='bbox 435 1424 490 1479; x_wconf 78' lang='grc' dir='ltr'><em>ὡς</em></span> <span class='ocrx_word' id='word_1_134' title='bbox 511 1425 730 1472; x_wconf 83' lang='grc' dir='ltr'><em>ἐπέτελλ’·</em></span> <span class='ocrx_word' id='word_1_135' title='bbox 759 1425 780 1470; x_wconf 84' lang='grc' dir='ltr'>ὁ</span> <span class='ocrx_word' id='word_1_136' title='bbox 805 1426 846 1472; x_wconf 83' lang='grc' dir='ltr'><em>δ’</em></span> <span class='ocrx_word' id='word_1_137' title='bbox 873 1425 1018 1481; x_wconf 82' lang='grc' dir='ltr'><em>ἀέξετο</em></span> <span class='ocrx_word' id='word_1_138' title='bbox 1039 1431 1244 1485; x_wconf 79' lang='grc' dir='ltr'><em>δαίμονος</em></span> <span class='ocrx_word' id='word_1_139' title='bbox 1263 1436 1386 1486; x_wconf 77' lang='grc' dir='ltr'><em>αἴσῃ·</em></span> <span class='ocrx_word' id='word_1_140' title='bbox 1433 1441 1500 1475; x_wconf 82' lang='grc'><em>300</em></span> 
     </span>
     <span class='ocr_line' id='line_1_21' title="bbox 170 1494 1173 1553; baseline 0 -13"><span class='ocrx_word' id='word_1_141' title='bbox 170 1494 307 1550; x_wconf 80' lang='grc' dir='ltr'><em>αὐτὰρ</em></span> <span class='ocrx_word' id='word_1_142' title='bbox 328 1496 420 1540; x_wconf 87' lang='grc' dir='ltr'><em>ἐπεὶ</em></span> <span class='ocrx_word' id='word_1_143' title='bbox 441 1498 622 1540; x_wconf 86' lang='grc' dir='ltr'><em>τέλεσαν</em></span> <span class='ocrx_word' id='word_1_144' title='bbox 642 1496 713 1540; x_wconf 80' lang='grc' dir='ltr'><em>καὶ</em></span> <span class='ocrx_word' id='word_1_145' title='bbox 734 1495 932 1552; x_wconf 82' lang='grc' dir='ltr'><em>ἐρώησαν</em></span> <span class='ocrx_word' id='word_1_146' title='bbox 951 1495 1173 1553; x_wconf 73' lang='grc' dir='ltr'><em>καμάτοιο.</em></span> 
     </span>
     <span class='ocr_line' id='line_1_22' title="bbox 170 1561 1348 1621; baseline 0 -13"><span class='ocrx_word' id='word_1_147' title='bbox 170 1564 254 1619; x_wconf 86' lang='grc' dir='ltr'><em>βάν</em></span> <span class='ocrx_word' id='word_1_148' title='bbox 275 1561 318 1619; x_wconf 80' lang='grc' dir='ltr'><em>ῥ’</em></span> <span class='ocrx_word' id='word_1_149' title='bbox 339 1570 439 1621; x_wconf 74' lang='grc' dir='ltr'><em>ἴμεν</em></span> <span class='ocrx_word' id='word_1_150' title='bbox 456 1562 601 1608; x_wconf 74' lang='grc' dir='ltr'><em>οἴκαδ’</em></span> <span class='ocrx_word' id='word_1_151' title='bbox 623 1566 821 1615; x_wconf 82' lang='grc' dir='ltr'><em>ἕκαστος·</em></span> <span class='ocrx_word' id='word_1_152' title='bbox 849 1561 957 1619; x_wconf 80' lang='grc' dir='ltr'><em>ἀτὰρ</em></span> <span class='ocrx_word' id='word_1_153' title='bbox 978 1563 1119 1621; x_wconf 81' lang='grc' dir='ltr'><em>ξανθὴ</em></span> <span class='ocrx_word' id='word_1_154' title='bbox 1139 1564 1348 1621; x_wconf 85' lang='grc' dir='ltr'><em>Δημήτηρ</em></span> 
     </span>
     <span class='ocr_line' id='line_1_23' title="bbox 170 1629 1324 1689; baseline 0 -13"><span class='ocrx_word' id='word_1_155' title='bbox 170 1637 280 1677; x_wconf 84' lang='grc' dir='ltr'><em>ἔνθα</em></span> <span class='ocrx_word' id='word_1_156' title='bbox 301 1633 570 1689; x_wconf 80' lang='grc' dir='ltr'><em>καθεζομένη</em></span> <span class='ocrx_word' id='word_1_157' title='bbox 589 1631 799 1689; x_wconf 80' lang='grc' dir='ltr'><em>μακάρων</em></span> <span class='ocrx_word' id='word_1_158' title='bbox 818 1629 902 1675; x_wconf 83' lang='grc' dir='ltr'><em>ἀπὸ</em></span> <span class='ocrx_word' id='word_1_159' title='bbox 921 1631 1083 1688; x_wconf 85' lang='grc' dir='ltr'><em>νόσφιν</em></span> <span class='ocrx_word' id='word_1_160' title='bbox 1103 1629 1324 1681; x_wconf 76' lang='grc' dir='ltr'><em>ἁπάντων,</em></span> 
     </span>
     <span class='ocr_line' id='line_1_24' title="bbox 168 1698 1265 1759; baseline 0.001 -15"><span class='ocrx_word' id='word_1_161' title='bbox 168 1706 297 1757; x_wconf 89' lang='grc' dir='ltr'><em>μίμνε</em></span> <span class='ocrx_word' id='word_1_162' title='bbox 317 1698 444 1759; x_wconf 76' lang='grc' dir='ltr'><em>πόθῳ</em></span> <span class='ocrx_word' id='word_1_163' title='bbox 465 1699 717 1756; x_wconf 83' lang='grc' dir='ltr'><em>μινύθουσα</em></span> <span class='ocrx_word' id='word_1_164' title='bbox 737 1698 1013 1756; x_wconf 81' lang='grc' dir='ltr'><em>βαθυζώνοιο</em></span> <span class='ocrx_word' id='word_1_165' title='bbox 1030 1699 1265 1757; x_wconf 85' lang='grc' dir='ltr'><em>θυγατρός.</em></span> 
     </span>
     <span class='ocr_line' id='line_1_25' title="bbox 167 1764 1501 1824; baseline 0.001 -12"><span class='ocrx_word' id='word_1_166' title='bbox 167 1768 398 1812; x_wconf 84' lang='grc' dir='ltr'><em>αἰνότατον</em></span> <span class='ocrx_word' id='word_1_167' title='bbox 419 1764 459 1811; x_wconf 89' lang='grc' dir='ltr'><em>δ’</em></span> <span class='ocrx_word' id='word_1_168' title='bbox 484 1766 687 1812; x_wconf 83' lang='grc' dir='ltr'><em>ἐνιαυτὸν</em></span> <span class='ocrx_word' id='word_1_169' title='bbox 707 1769 777 1812; x_wconf 81' lang='grc' dir='ltr'><em>ἐπὶ</em></span> <span class='ocrx_word' id='word_1_170' title='bbox 796 1767 936 1824; x_wconf 87' lang='grc' dir='ltr'><em>χθόνα</em></span> <span class='ocrx_word' id='word_1_171' title='bbox 957 1768 1307 1824; x_wconf 86' lang='grc' dir='ltr'><em>πουλυβότειραν</em></span> <span class='ocrx_word' id='word_1_172' title='bbox 1432 1779 1501 1814; x_wconf 87' lang='grc'><em>305</em></span> 
     </span>
     <span class='ocr_line' id='line_1_26' title="bbox 167 1834 1250 1894; baseline 0.001 -15"><span class='ocrx_word' id='word_1_173' title='bbox 167 1834 312 1894; x_wconf 88' lang='grc' dir='ltr'><em>ποίησ’</em></span> <span class='ocrx_word' id='word_1_174' title='bbox 334 1834 585 1891; x_wconf 76' lang='grc' dir='ltr'><em>ἀνθρώποις</em></span> <span class='ocrx_word' id='word_1_175' title='bbox 605 1837 677 1880; x_wconf 85' lang='grc' dir='ltr'><em>καὶ</em></span> <span class='ocrx_word' id='word_1_176' title='bbox 696 1835 934 1889; x_wconf 70' lang='grc' dir='ltr'><em>κύντατον,</em></span> <span class='ocrx_word' id='word_1_177' title='bbox 963 1834 1072 1880; x_wconf 83' lang='grc' dir='ltr'><em>ούδέ</em></span> <span class='ocrx_word' id='word_1_178' title='bbox 1088 1856 1126 1880; x_wconf 87' lang='grc' dir='ltr'><em>τι</em></span> <span class='ocrx_word' id='word_1_179' title='bbox 1147 1847 1250 1893; x_wconf 85' lang='grc' dir='ltr'><em>γαΐα</em></span> 
     </span>
     <span class='ocr_line' id='line_1_27' title="bbox 167 1901 1334 1962; baseline 0.001 -15"><span class='ocrx_word' id='word_1_180' title='bbox 167 1901 325 1961; x_wconf 87' lang='grc' dir='ltr'><em>σπέρμ’</em></span> <span class='ocrx_word' id='word_1_181' title='bbox 348 1902 483 1948; x_wconf 82' lang='grc' dir='ltr'><em>ἀνίει·</em></span> <span class='ocrx_word' id='word_1_182' title='bbox 513 1903 706 1959; x_wconf 84' lang='grc' dir='ltr'><em>κρύπτεν</em></span> <span class='ocrx_word' id='word_1_183' title='bbox 724 1901 806 1959; x_wconf 80' lang='grc' dir='ltr'><em>γὰρ</em></span> <span class='ocrx_word' id='word_1_184' title='bbox 826 1905 1093 1960; x_wconf 80' lang='grc' dir='ltr'><em>ἐϋστέφανος</em></span> <span class='ocrx_word' id='word_1_185' title='bbox 1113 1904 1334 1962; x_wconf 86' lang='grc' dir='ltr'><em>Δημήτηρ.</em></span> 
     </span>
     <span class='ocr_line' id='line_1_28' title="bbox 166 1969 1459 2029; baseline 0.001 -13"><span class='ocrx_word' id='word_1_186' title='bbox 166 1971 303 2016; x_wconf 81' lang='grc' dir='ltr'><em>πολλὰ</em></span> <span class='ocrx_word' id='word_1_187' title='bbox 326 1973 372 2016; x_wconf 69' lang='grc' dir='ltr'><em>δὲ</em></span> <span class='ocrx_word' id='word_1_188' title='bbox 393 1969 586 2028; x_wconf 83' lang='grc' dir='ltr'><em>καμπύλ’</em></span> <span class='ocrx_word' id='word_1_189' title='bbox 606 1970 769 2026; x_wconf 74' lang='grc' dir='ltr'><em>ἄροτρα</em></span> <span class='ocrx_word' id='word_1_190' title='bbox 788 1971 928 2029; x_wconf 85' lang='grc' dir='ltr'><em>μάτην</em></span> <span class='ocrx_word' id='word_1_191' title='bbox 947 1972 1046 2028; x_wconf 83' lang='grc' dir='ltr'><em>βόες</em></span> <span class='ocrx_word' id='word_1_192' title='bbox 1067 1969 1212 2017; x_wconf 83' lang='grc' dir='ltr'><em>εἷλκον</em></span> <span class='ocrx_word' id='word_1_193' title='bbox 1231 1970 1437 2029; x_wconf 83' lang='grc' dir='ltr'><em>ἀρούραις</em></span> <span class='ocrx_word' id='word_1_194' title='bbox 1451 1986 1459 1994; x_wconf 91' lang='grc'><em>·</em></span> 
     </span>
     <span class='ocr_line' id='line_1_29' title="bbox 166 2039 1182 2098; baseline 0.001 -14"><span class='ocrx_word' id='word_1_195' title='bbox 166 2039 329 2084; x_wconf 86' lang='grc' dir='ltr'><em>πολλὸν</em></span> <span class='ocrx_word' id='word_1_196' title='bbox 351 2040 398 2084; x_wconf 73' lang='grc' dir='ltr'><em>δὲ</em></span> <span class='ocrx_word' id='word_1_197' title='bbox 422 2050 497 2094; x_wconf 76' lang='grc' dir='ltr'><em>κρῖ</em></span> <span class='ocrx_word' id='word_1_198' title='bbox 515 2039 674 2084; x_wconf 86' lang='grc' dir='ltr'><em>λευκὸν</em></span> <span class='ocrx_word' id='word_1_199' title='bbox 694 2040 875 2085; x_wconf 86' lang='grc' dir='ltr'><em>ἐτώσιον</em></span> <span class='ocrx_word' id='word_1_200' title='bbox 891 2045 1049 2097; x_wconf 81' lang='grc' dir='ltr'><em>ἔμπεσε</em></span> <span class='ocrx_word' id='word_1_201' title='bbox 1068 2047 1182 2098; x_wconf 85' lang='grc' dir='ltr'><em>γαίῃ.</em></span> 
     </span>
     <span class='ocr_line' id='line_1_30' title="bbox 166 2106 1497 2165; baseline 0.002 -13"><span class='ocrx_word' id='word_1_202' title='bbox 166 2114 241 2152; x_wconf 87' lang='grc' dir='ltr'><em>καί</em></span> <span class='ocrx_word' id='word_1_203' title='bbox 258 2107 312 2152; x_wconf 90' lang='grc' dir='ltr'><em>νύ</em></span> <span class='ocrx_word' id='word_1_204' title='bbox 331 2126 378 2152; x_wconf 87' lang='grc' dir='ltr'><em>κε</em></span> <span class='ocrx_word' id='word_1_205' title='bbox 399 2106 582 2164; x_wconf 88' lang='grc' dir='ltr'><em>πάμπαν</em></span> <span class='ocrx_word' id='word_1_206' title='bbox 600 2106 753 2152; x_wconf 80' lang='grc' dir='ltr'><em>ὄλεσσε</em></span> <span class='ocrx_word' id='word_1_207' title='bbox 771 2110 897 2164; x_wconf 82' lang='grc' dir='ltr'><em>γένος</em></span> <span class='ocrx_word' id='word_1_208' title='bbox 916 2108 1122 2165; x_wconf 87' lang='grc' dir='ltr'><em>μερόπων</em></span> <span class='ocrx_word' id='word_1_209' title='bbox 1141 2106 1395 2165; x_wconf 80' lang='grc' dir='ltr'><em>ἀνθρώπων</em></span> <span class='ocrx_word' id='word_1_210' title='bbox 1430 2120 1497 2154; x_wconf 86' lang='grc'><em>310</em></span> 
     </span>
     <span class='ocr_line' id='line_1_31' title="bbox 166 2173 1285 2234; baseline 0.001 -14"><span class='ocrx_word' id='word_1_211' title='bbox 166 2179 292 2232; x_wconf 71' lang='grc' dir='ltr'><em>λιμοῦ</em></span> <span class='ocrx_word' id='word_1_212' title='bbox 312 2173 392 2220; x_wconf 82' lang='grc' dir='ltr'><em>ὑπ’</em></span> <span class='ocrx_word' id='word_1_213' title='bbox 414 2173 648 2232; x_wconf 82' lang='grc' dir='ltr'><em>ἀργαλέης,</em></span> <span class='ocrx_word' id='word_1_214' title='bbox 678 2175 849 2233; x_wconf 86' lang='grc' dir='ltr'><em>γεράων</em></span> <span class='ocrx_word' id='word_1_215' title='bbox 868 2174 909 2219; x_wconf 79' lang='grc' dir='ltr'><em>τ’</em></span> <span class='ocrx_word' id='word_1_216' title='bbox 931 2178 1136 2231; x_wconf 87' lang='grc' dir='ltr'><em>ἐρικυδέα</em></span> <span class='ocrx_word' id='word_1_217' title='bbox 1157 2176 1285 2234; x_wconf 84' lang='grc' dir='ltr'><em>τιμὴν</em></span> 
     </span>
     <span class='ocr_line' id='line_1_32' title="bbox 166 2241 1260 2301; baseline 0.002 -14"><span class='ocrx_word' id='word_1_218' title='bbox 166 2246 236 2287; x_wconf 80' lang='grc' dir='ltr'><em>καὶ</em></span> <span class='ocrx_word' id='word_1_219' title='bbox 254 2246 427 2288; x_wconf 76' lang='grc' dir='ltr'><em>θυσιῶν</em></span> <span class='ocrx_word' id='word_1_220' title='bbox 452 2241 636 2299; x_wconf 81' lang='grc' dir='ltr'><em>ἤμερσεν</em></span> <span class='ocrx_word' id='word_1_221' title='bbox 653 2242 862 2301; x_wconf 79' lang='grc' dir='ltr'><em>Ὀλύμπια</em></span> <span class='ocrx_word' id='word_1_222' title='bbox 885 2243 1050 2301; x_wconf 85' lang='grc' dir='ltr'><em>δώματ’</em></span> <span class='ocrx_word' id='word_1_223' title='bbox 1072 2249 1260 2301; x_wconf 83' lang='grc' dir='ltr'><em>ἔχοντας,</em></span> 
     </span>
     <span class='ocr_line' id='line_1_33' title="bbox 167 2310 1177 2371; baseline 0.002 -17"><span class='ocrx_word' id='word_1_224' title='bbox 167 2316 205 2355; x_wconf 75' lang='grc' dir='ltr'><em>εί</em></span> <span class='ocrx_word' id='word_1_225' title='bbox 221 2310 279 2368; x_wconf 84' lang='grc' dir='ltr'><em>μὴ</em></span> <span class='ocrx_word' id='word_1_226' title='bbox 299 2311 407 2362; x_wconf 69' lang='grc' dir='ltr'><em>Ζεὺς</em></span> <span class='ocrx_word' id='word_1_227' title='bbox 427 2310 609 2367; x_wconf 80' lang='grc' dir='ltr'><em>ἐνόησεν</em></span> <span class='ocrx_word' id='word_1_228' title='bbox 630 2314 685 2370; x_wconf 76' lang='grc' dir='ltr'><em>ἐῷ</em></span> <span class='ocrx_word' id='word_1_229' title='bbox 707 2311 745 2356; x_wconf 84' lang='grc' dir='ltr'><em>τ’</em></span> <span class='ocrx_word' id='word_1_230' title='bbox 769 2311 1014 2368; x_wconf 83' lang='grc' dir='ltr'><em>ἐφράσσατο</em></span> <span class='ocrx_word' id='word_1_231' title='bbox 1035 2316 1177 2371; x_wconf 77' lang='grc' dir='ltr'><em>θυμῷ.</em></span> 
     </span>
    </p>
   </div>
  </div>
 </body>
</html>
