1619 2556
165 126 213 160 IV
686 125 972 159 PRAEFATIO.

161 228 319 274 cabam,
345 230 385 266 in
409 243 487 281 quo
512 239 731 277 quacunque
754 230 998 275 ingredimur.
1024 232 1061 265 in
1081 231 1205 277 aliqua
1226 230 1376 265 historia
1400 235 1484 266 vesu

158 288 255 333 qiam
275 289 453 332 ponimus,
477 298 598 336 quum
618 283 839 335 praecipue
861 285 1013 322 mansio
1033 284 1207 323 Athenis
1229 289 1349 332 esset,
1375 284 1501 322 omnis

159 341 418 379 humanitatis
440 341 555 392 quasi
576 340 748 392 quadam
774 351 867 377 arce
894 340 1167 393 bonarumque
1189 340 1332 378 artium
1356 345 1499 379 metro-

161 398 263 447 poli,
296 396 394 448 quid
412 398 551 434 mirum
565 426 573 439 ,
603 395 711 448 quod
727 395 827 433 nihil
847 397 1051 448 antiquius
1071 396 1290 444 habebam,
1321 409 1440 448 quam
1460 402 1503 434 ut

160 452 226 491 vel
256 465 387 490 rerum
419 454 641 503 priscarum
670 452 902 490 memoriam
933 452 1102 490 testibus
1136 452 1502 504 incorruptissimis,

160 509 490 559 inscriptionibus
512 508 615 560 dico,
640 514 887 559 repeterem,
909 508 975 545 vel
998 509 1116 546 situm
1140 508 1316 546 locorum
1337 508 1501 546 nobilis-

161 567 347 603 simorum
369 566 635 616 requirerem,
670 564 738 602 vel
771 563 930 602 fabulas
962 563 1125 602 deorum
1146 564 1392 616 heroumque
1415 577 1503 601 cum

161 627 304 659 natura
330 621 539 671 regionum
563 627 673 659 arcte
703 620 939 670 conjunctas
964 628 1086 672 atque
1117 633 1169 658 ex
1190 620 1257 657 illo
1280 621 1366 658 solo
1389 620 1504 672 quasi

162 682 302 715 enatas
323 676 568 727 indagarem,
591 676 659 715 vel
676 677 798 715 etiam
816 689 865 713 ex
889 689 956 714 ore
971 676 1102 726 plebis
1115 675 1266 727 Grajae
1287 675 1504 714 facundiae

162 739 314 785 quanta
332 746 490 783 possem
510 732 685 783 vestigia
705 732 948 782 exciperem,
972 733 1039 770 vel
1057 732 1231 783 denique
1251 732 1387 770 divina
1408 732 1504 770 artis

162 789 352 840 antiquae
383 802 458 826 uec
486 802 656 840 usquam
686 795 901 827 renaturae
937 801 1059 839 opera
1087 795 1285 840 quotquot
1313 787 1505 827 durarunt

163 844 306 896 (eheul
338 845 575 896 plerumque
599 844 771 895 disjecta
799 844 1049 896 barbaroque
1080 845 1211 882 furore
1235 844 1390 882 nefarie
1414 857 1503 882 con-

163 899 271 949 tusa)
296 902 455 939 intuens
478 899 696 939 admirarer
717 906 838 952 atque
861 908 1026 939 aeterna
1050 901 1120 938 illa
1143 913 1221 952 qua
1243 901 1397 952 spirant
1416 900 1503 952 pul-

164 956 400 995 chritudinis
426 957 582 1008 specie,
608 970 726 1008 quam
749 956 800 994 ad
821 970 950 995 mores
971 956 1197 994 formandos
1221 957 1506 1009 ingeniumque

165 1012 431 1052 excolendum
457 1013 669 1064 plurimum
690 1013 829 1051 valere
844 1013 936 1062 jure
959 1026 1116 1063 semper
1137 1012 1408 1051 existimatum
1431 1018 1504 1060 est,

164 1069 337 1107 animum
359 1068 522 1107 assidua
544 1069 883 1120 contemplatione
906 1067 1153 1107 imbuerem?
1197 1067 1353 1107 Eodem
1373 1067 1505 1107 studio

163 1138 284 1177 quum
308 1127 348 1162 in
370 1124 490 1162 Italia
519 1124 744 1176 complures
766 1137 923 1163 menses
949 1130 1212 1163 commoratus
1235 1137 1365 1162 essem
1393 1125 1504 1162 Pari-

163 1182 324 1234 siosque
348 1181 539 1229 adissem,
572 1181 702 1219 redux
731 1182 771 1218 in
793 1182 962 1231 patriam
983 1181 1051 1219 ubi
1072 1181 1173 1219 ratio
1194 1181 1368 1218 muneris
1390 1181 1503 1218 scho-

164 1238 296 1275 lastici
327 1237 434 1289 quod
465 1239 623 1288 suscepi
654 1237 703 1275 ab
736 1238 1036 1288 opportunitate
1064 1237 1204 1275 harum
1233 1249 1363 1274 rerum
1387 1237 1504 1275 altius

163 1293 533 1345 persequendarum
554 1307 617 1332 me
647 1293 834 1339 abduxit,
860 1294 900 1331 in
924 1307 1011 1331 eum
1032 1306 1194 1346 gyrum,
1224 1293 1292 1345 qui
1317 1293 1367 1330 ad
1394 1294 1503 1331 insti-

163 1350 355 1387 tutionem
376 1349 573 1400 puerilem
591 1350 774 1401 proxime
794 1350 979 1400 pertinet,
1002 1349 1239 1388 contrahere
1260 1362 1321 1386 me
1343 1355 1505 1388 coactus

163 1406 331 1443 resumsi
353 1406 487 1456 prisca
507 1405 640 1444 studia
668 1411 708 1444 et
725 1407 863 1444 nescio
887 1419 964 1458 quo
988 1419 1083 1444 casu
1104 1407 1143 1443 in
1165 1405 1332 1458 hymnos
1354 1405 1504 1444 Home·

163 1463 269 1499 ricos
301 1461 478 1509 delatus,
511 1475 616 1513 quae
645 1467 767 1500 antea
799 1462 924 1500 obiter
951 1462 1181 1512 tetigeram,
1213 1473 1263 1500 ea
1289 1460 1506 1500 studiosius

165 1519 280 1570 coepi
323 1518 584 1568 investigare.
665 1518 809 1556 Paullo
856 1524 945 1569 post
984 1516 1282 1568 insperantibus
1325 1517 1506 1556 omnibus

165 1573 497 1612 Schneidewinus
520 1573 715 1623 decessit,
745 1574 858 1624 cujus
889 1574 1019 1612 obitus
1040 1578 1317 1624 praematurus
1342 1586 1422 1611 non
1444 1586 1504 1611 so·

163 1630 245 1667 lum
269 1629 534 1668 familiaribus
557 1630 708 1668 luctum
735 1631 871 1668 attulit
899 1630 1198 1681 gravissimum,
1231 1642 1369 1668 verum
1396 1629 1504 1668 litte-

164 1699 295 1723 rarum
325 1684 572 1724 Graecarum
606 1686 741 1725 studia
776 1687 890 1724 clade
926 1687 1061 1725 affecit
1093 1686 1364 1724 acerbissima.
1425 1684 1506 1736 Qui

165 1755 285 1793 quum
309 1741 457 1779 dudum
476 1742 578 1780 haec
601 1743 778 1781 carmina
799 1742 1000 1794 perpolita
1022 1743 1062 1780 in
1083 1741 1215 1780 lucem
1238 1740 1437 1780 editurum
1462 1754 1506 1780 se

164 1797 431 1848 promisisset,
456 1799 709 1851 nominisque
735 1799 795 1837 sui
821 1799 1058 1837 auctoritate
1083 1798 1300 1845 effecisset,
1322 1803 1368 1836 ut
1387 1810 1506 1836 nemo

166 1853 268 1891 alius
293 1853 343 1890 ad
373 1852 414 1890 id
435 1855 640 1904 negotium
662 1856 961 1904 accingeretur,
991 1868 1059 1906 spe
1084 1854 1298 1892 frustratus
1320 1853 1506 1892 librarius

163 1909 468 1947 honestissimus
490 1910 726 1962 imparatum
754 1910 804 1947 ad
829 1912 903 1948 hoc
925 1924 986 1948 me
1008 1910 1213 1958 invitavit,
1242 1915 1286 1948 ut
1314 1909 1355 1948 in
1375 1909 1507 1948 locum

167 1965 468 2004 Schneidewini
489 1966 762 2005 succederem.
802 1967 864 2004 Ne
888 1967 1031 2015 multa3
1056 1966 1217 2017 suscepi
1237 1979 1320 2004 rem
1344 1966 1506 2017 plenam

166 2022 295 2068 aleae,
324 2034 403 2059 non
421 2022 517 2072 quin
539 2022 638 2059 alios
661 2023 832 2060 fortasse
855 2023 998 2060 multos
1022 2035 1109 2060 esse
1130 2028 1335 2073 putarem,
1357 2021 1426 2074 qui
1446 2021 1506 2059 in-

165 2078 399 2116 structiores
422 2076 604 2115 doctrina
626 2078 839 2129 multiplici
865 2085 904 2115 ct
926 2079 1089 2129 ingenio
1110 2079 1332 2116 ornatiores
1355 2077 1406 2115 ad
1430 2077 1507 2116 hoc

167 2140 304 2172 essent
333 2133 512 2180 venturi,
552 2133 623 2171 sed
654 2135 747 2186 quia
779 2135 990 2186 sperabam
1018 2135 1094 2173 hac
1120 2147 1210 2172 mea
1235 2133 1506 2185 qualicunque

166 2202 290 2240 opera
309 2202 430 2228 unum
454 2189 522 2227 vel
553 2190 720 2228 alterum
752 2203 800 2227 ex
830 2191 890 2227 his
926 2190 987 2241 (ut
1010 2189 1072 2240 fit)
1104 2189 1154 2228 ad
1185 2203 1266 2228 rem
1298 2190 1339 2227 in
1363 2188 1507 2227 melius

165 2244 467 2296 provehendam
488 2258 608 2296 posse
631 2247 812 2284 excitari.
872 2246 1016 2299 Neque
1039 2248 1144 2285 enim
1167 2259 1254 2284 eam
1275 2245 1371 2283 mihi
1393 2256 1505 2283 sumo

167 2301 446 2352 arrogantiam,
469 2306 510 2338 ut
530 2302 805 2340 recensionem
828 2303 965 2339 horum
989 2301 1208 2341 carminum
1229 2301 1421 2340 exhibere
1443 2312 1507 2339 me

167 2357 335 2396 arbitrer
359 2356 582 2395 absolutam
606 2364 645 2395 et
666 2358 707 2395 in
731 2358 936 2396 saeculum
957 2358 1187 2397 duraturam
1204 2357 1329 2409 (quod
1345 2355 1504 2407 peritis·
