1619 2556
748 338 783 376 I.

530 410 664 444 ΠΡΟΣ
689 410 1001 443 ΝΕΟΤΕΙΧΕῙΣ.

203 497 416 539 Αἰδεῐσθε
437 495 593 546 ξενίων
612 494 878 549 κεχρημένον
900 490 978 549 ήδὲ
999 491 1161 549 δόμοιο,

100 565 144 606 οἳ
162 561 290 606 πόλιν
310 559 515 617 αἰπεινὴν
530 596 539 604 .
569 560 723 617 Κύμης
744 560 955 618 ἐριώπιδα
974 559 1152 617 κούρην,

59 647 62 650 ’
101 634 243 674 ναίετε
256 665 266 684 ,
296 628 522 685 Σαιδήνης
543 627 657 672 πόδα
675 634 850 672 νείατον
868 625 1117 685 ὑψικόμοιο,

101 695 341 754 ἀμβρόσιον
357 702 556 746 πίνοντες
575 694 698 753 ὕδωρ
719 698 878 751 ζαθέου
897 706 1120 752 ποταμοῖο,

89 763 255 822 ’Ἐρμου
276 764 518 821 δινήεντος,
546 762 598 807 ὃν
617 762 836 815 ἀθάνατος
856 766 1001 808 τέκετο
1020 763 1141 815 Ζεύς.
1413 776 1434 809 5

737 950 796 992 II.

381 1026 464 1059 ΕΙΣ
490 1027 587 1059 ΤΗΝ
616 1026 792 1059 KTMHN
815 1025 1154 1060 ΑΝΑΣΤΡΕΦΩΝ.

206 1109 328 1161 Αἶψα
349 1108 478 1160 πόδες
498 1127 550 1165 με
570 1111 748 1165 φέροιεν
767 1112 810 1160 ἐς
829 1113 1012 1154 αἰδοίων
1032 1108 1160 1153 πόλνν
1179 1105 1378 1164 ἀνδρῶν·

104 1180 191 1221 τῶν
210 1176 291 1233 γὰρ
311 1178 383 1221 καὶ
402 1175 544 1234 θυμὸς
564 1177 777 1234 πρόφρων
797 1179 871 1221 καὶ
890 1181 1013 1234 μῆτις
1034 1175 1196 1233 ἀρίστη.

726 1362 809 1404 III.

600 1438 694 1471 ΕΙΣ
730 1438 931 1471 ΜΙΔΗΝ.

197 1524 369 1578 Χαλκέη
390 1523 610 1576 παρθένος
631 1522 738 1579 εἰμὶ,
764 1524 921 1566 Μίδεω
944 1519 987 1565 δ’
1009 1523 1079 1565 ἐπὶ
1099 1520 1255 1578 σήματι
1274 1530 1431 1579 κεῖμαι.

103 1594 146 1641 ἔς
163 1587 204 1633 τ’
228 1586 284 1633 ἂν
303 1588 423 1645 ὕδωρ
444 1608 488 1633 τε
510 1591 586 1647 ῥέῃ
607 1591 680 1633 καὶ
701 1591 885 1645 δένδρεα
905 1588 1049 1645 μακρὰ
1068 1588 1245 1646 τεθήλῃ,

102 1655 243 1714 ἠέλιός
262 1656 302 1700 τ’
324 1656 461 1702 ἀνιών
480 1657 627 1714 λάμπῃ
648 1657 822 1715 λαμπρή
840 1675 886 1701 τε
905 1657 1079 1715 σελήνη,

102 1725 175 1769 καὶ
193 1727 377 1783 ποταμοὶ
396 1724 648 1782 πλήθωσιν,
679 1723 897 1783 ἀνακλύζῃ
918 1725 966 1769 δὲ
984 1725 1200 1781 θάλασσα,

102 1791 238 1837 αὐτοῦ
256 1796 359 1850 τῇδε
379 1795 571 1850 μένουσα
590 1793 877 1853 πολυκλαύτῳ
899 1795 969 1837 ἐπὶ
989 1792 1140 1852 τύμβῳ
1412 1806 1432 1838 5

104 1859 295 1918 ἀγγελέω
316 1864 519 1917 παριοῦσι
533 1897 542 1915 ,
574 1865 723 1918 Μίδης
742 1860 807 1905 ὅτι
826 1864 931 1919 τῇδε
950 1864 1177 1906 τέθαπται.

730 2044 805 2086 IV.

551 2125 683 2158 ΠΡΟΣ
709 2124 981 2158 ΚΤΜΑΙΟΤΣ.

207 2210 292 2264 Οἵῃ
311 2204 360 2264 μ’
381 2214 482 2265 αι”σῃ
505 2211 616 2252 δῶκε
635 2225 776 2264 πατηρ
795 2206 905 2257 Ζεὺς
925 2206 1069 2264 κύρμα
1087 2213 1308 2263 γενέσθαι,

105 2273 261 2332 νήπιον
282 2277 489 2332 αἰδοιης’
469 2277 539 2320 επὶ
557 2275 741 2332 γούνασι
760 2273 918 2332 μητρὸς
938 2272 1149 2330 ἀτάλλων,

104 2339 158 2397 ἦν
177 2339 276 2386 ποτ’
298 2342 560 2399 ἐπύργωσαν
579 2346 719 2399 βουλῇ
738 2342 844 2394 Διὸς
863 2342 1072 2399 αἰγιόχοιο
