1619 2556
544 111 675 144 XXXI.
710 110 791 143 ΕΙΣ
816 109 985 142 ΗΛΙΟΝ.
1375 104 1426 141 79

95 214 269 270 πότνια,
301 217 380 258 σεῦ
401 218 426 258 δ
435 211 444 227 ’
466 219 606 270 ἔχεται
629 219 783 260 δοῦναι
808 219 907 270 βίον
926 211 998 270 ἠδ’
1019 211 1262 269 ἀφελέσθαι

95 289 273 339 θνητοῖς
293 281 618 338 ἀνθρώποισιν·
648 281 670 325 ὁ
698 281 743 327 δ’
763 282 929 338 ὄλβιος,
959 279 1011 325 ὄν
1030 299 1079 325 κε
1096 280 1150 325 σύ
1170 286 1302 342 θυμῷ

93 350 307 406 πρόφρων
326 348 516 406 τιμήσεις
529 363 538 372 ·
567 353 630 409 τῷ
648 349 690 394 τ’
712 350 894 407 ἄφθονα
914 349 1057 393 πάντα
1078 349 1272 405 πάρεστι.

93 423 240 474 βρίθει
259 420 341 475 μέν
361 430 470 473 σφιν
489 417 656 475 ἄρουρα
677 422 908 475 φερέσβιος
921 453 931 471 ,
963 415 1039 474 ήδὲ
1060 415 1157 462 κατ’
1178 416 1339 475 άγρους

92 486 295 543 κτήνεσιν
315 484 520 542 εὐθηνεῖ,
549 487 667 538 οἶκος
687 485 730 531 δ’
752 490 1014 544 ἐμπίπλαται
1035 488 1230 530 ἐσθλῶν·
1386 500 1423 531 10

92 551 214 598 αὐτοὶ
236 551 277 598 δ’
300 552 526 611 εὐνομίῃσι
547 555 676 599 πόλιν
695 554 803 599 κατὰ
827 556 1142 610 καλλιγύναικα

64 632 66 634 ’
91 620 382 678 κοιρανέουσ’,
413 620 542 678 ὄλβος
564 623 609 667 δὲ
631 622 766 675 πολὺς
786 624 857 667 καὶ
877 625 1062 672 πλοῦτος
1081 619 1258 677 ὀπηδεῖ·

91 694 245 741 παῖδες
266 688 309 734 δ’
331 687 585 747 εὐφροσύνῃ
606 693 814 748 νεοθηλέῖ
830 689 1053 744 κυδιόωσι,

91 764 362 814 παρθενικαί
375 777 420 802 τε
441 769 585 814 χοροῖς
605 761 929 815 φερεσανθέσιν
948 756 1131 814 εὔφρονι
1154 760 1286 816 θυμῷ

90 831 318 880 παίζουσαι
337 831 564 881 σκαίρουσι
585 826 682 870 κατ’
704 825 845 871 ἄνθεα
865 824 1072 882 μαλθακὰ
1091 831 1228 882 ποίης,
1383 839 1419 870 ιὸ

90 892 166 945 οὕς
184 912 232 938 κε
252 893 307 938 σύ
326 894 519 951 τιμήσεις
532 929 541 947 ,
573 894 709 952 σεμνὴ
728 894 834 946 θεά,
863 892 1036 949 ἄφθονε
1058 897 1226 950 δαῖμον.

192 967 351 1016 Χαῖρε,
381 964 502 1006 θεῶν
521 962 680 1019 μήτηρ,
712 960 833 1019 ἄλοχ’
857 959 1064 1017 Οὐρανοῦ
1083 959 1373 1018 ἀστερόεντος,

91 1029 303 1085 πρόφρων
325 1027 368 1074 δ’
389 1027 488 1073 ἄντ’
511 1026 625 1087 ω’δῆς
646 1036 795 1087 βιότον
815 1029 1006 1087 θυμήρε’
1027 1028 1177 1083 ὄπαζε·

90 1095 227 1152 αὐτὰρ
248 1096 332 1154 ἐγώ
351 1099 421 1141 καὶ
443 1108 534 1142 σεῖο
556 1099 627 1142 καὶ
647 1097 777 1155 ἄλλης
797 1095 1165 1156 μνήσομ”άοιδῆς

663 1318 839 1360 XXXI.

584 1411 680 1443 ΕΙΣ
717 1409 912 1442 HAION.

175 1502 330 1548 ’Ἠλιον
349 1501 508 1561 ὑμνεῖν
527 1499 633 1549 αὖτε
652 1503 760 1555 Διὸς
782 1507 902 1555 τέκος
925 1503 1052 1561 ἄρχεο
1075 1508 1237 1549 Μοῦσα

88 1571 334 1629 Καλλιόπη,
365 1574 614 1629 φαέθοντα,
643 1572 720 1617 τὸν
739 1570 1038 1630 Εὐρυφάεσσα
1057 1575 1223 1628 βοῶπις

83 1645 258 1696 γείνατο
279 1644 413 1697 Γαίης
431 1643 556 1685 παιδὶ
576 1642 648 1685 καὶ
670 1637 879 1696 Οὐρανοῦ
897 1639 1197 1696 ἀστερόεντος·

85 1710 193 1764 γῆμε
215 1706 296 1764 γὰρ
316 1705 643 1764 Εὐρυφάεσσαν
663 1706 924 1765 ἀγακλειτὴν
937 1706 1164 1765 Ὑπερίων,

84 1773 480 1832 αὐτοκασιγνήτην,
518 1776 540 1833 ἦ
561 1780 606 1820 οἵ
620 1777 715 1820 τέκε
737 1775 922 1833 κάλλιμα
942 1778 1087 1831 τέκνα,
1396 1788 1416 1821 5

81 1840 166 1886 Ἠῶ
186 1861 230 1887 τε
251 1843 502 1901 ῥοδόπηχυν
515 1880 524 1897 ,
559 1842 836 1900 ἐϋπλόκαμόν
855 1863 899 1888 τε
920 1843 1136 1900 Σελήνην,

81 1907 248 1955 Ἠέλιόν
269 1911 311 1955 τ’
333 1909 564 1968 ἀκάμαντ’,
595 1915 838 1956 ἐπιείκελον
857 1909 1160 1968 ἀθανάτοισιν,

83 1976 129 2029 ὃς
149 1983 297 2034 φαίνει
315 1986 518 2035 θνητοῖσι
539 1981 611 2023 καὶ
631 1977 891 2024 ἀθανάτοισι
910 1986 1084 2024 θεοῖσιν

83 2049 231 2097 ἵπποις
251 2046 496 2104 ἐμβεβαώς·
526 2045 746 2104 σμερδνὸν
767 2045 807 2091 δ’
830 2045 905 2103 ὅγε
927 2049 1125 2102 δέρκεται
1145 2045 1290 2098 ὄσσοις

83 2115 267 2170 χρυσέης
288 2117 334 2158 ἐκ
357 2113 568 2170 κόρυθος·
598 2115 790 2171 λαμπραὶ
812 2113 854 2158 δ’
875 2113 1046 2166 άκτῖνες
1067 2112 1146 2158 ἄπ’
1168 2113 1306 2159 αὐτοῦ
1378 2127 1416 2159 10

83 2185 261 2238 αἰγλῆεν
281 2187 505 2239 στίλβουσι
518 2218 528 2238 ,
556 2181 673 2239 παρὰ
692 2182 925 2239 κροτάφων
943 2201 989 2227 τε
1009 2184 1181 2239 παρειαὶ

87 2251 275 2305 λαμπραὶ
294 2247 376 2293 άπὸ
397 2249 552 2305 κρατὸς
571 2256 721 2307 χαρίεν
742 2253 970 2307 κατέχουσι
989 2250 1224 2307 πρόσωπον

85 2319 316 2373 τηλαυγές·
347 2316 480 2361 καλὸν
501 2319 547 2362 δὲ
567 2319 665 2373 περὶ
685 2323 782 2373 χροῒ
800 2318 1012 2375 λάμπεται
1033 2323 1162 2366 ἔσθος
