1619 2556
415 130 460 161 11.
496 129 576 161 Em
599 128 871 161 ΑΠΟΛΛῼΝΑ
897 128 1101 162 ΠΤΘῙΟΝ.
1375 121 1416 157 11

102 230 157 284 ὥς
174 232 257 290 γὰρ
276 231 328 278 τὰ
346 231 562 289 πρώτισθ’
585 231 681 289 ὁσίη
700 231 853 289 γένεθ’
865 246 874 255 ·
902 237 947 277 οἰ
962 233 1009 278 δὲ
1027 231 1182 278 ἄνακτι

101 298 299 357 εὔχονται
311 304 512 358 ,δίφρον
532 300 579 345 δὲ
596 302 709 345 θεοῦ
725 298 821 344 τότε
839 310 969 357 μοῖρα
988 301 1213 358 φυλάσσει.
1380 312 1424 346 60

99 370 250 422 [ἔνθεν
271 368 318 412 δὲ
337 370 532 425 προτέρω
554 373 686 423 ἔκιες,
718 367 946 424 ἑκατηβόλ’
966 367 1205 414 ’Ἀπολλων

99 433 330 493 Κηφισσὸν
350 434 391 480 δ’
413 434 486 493 ἄρ’
507 441 655 481 ἔπειτα
673 435 850 492 κιχήσαο
871 439 1199 493 καλλιρέεθρον,
1325 440 1421 490 [240]

97 501 196 547 ὅστε
215 508 459 561 Λιλαίηθεν
478 506 651 560 προχέει
671 508 931 559 καλλίρροον
951 501 1086 560 ὕδωρ.

97 568 173 615 τὸν
193 570 346 628 διαβὰς
359 607 369 626 ‚
394 569 620 628 Ἐκάεργε,
649 571 722 615 καὶ
740 569 949 629 Ὠκαλέην
968 572 1267 628 πολύπυργον]

44 645 47 647 ’
97 643 232 683 ἔνθεν
251 637 324 695 ἄρ’
348 644 407 690 εἰς
421 637 649 696 Ἀλιάρτον
668 637 824 694 ἀφίκεο
844 639 1064 697 ποιήεντα.
1380 652 1423 686 65

96 709 176 763 βῆς
196 704 240 750 δ’
261 708 330 751 ἐπὶ
355 707 627 765 Τελφούσης·
656 706 756 750 τόθι
777 724 842 751 τοι
862 704 940 751 ἅδε
961 711 1098 764 χῶρος
1116 706 1301 764 ἀπήμων

96 773 332 828 τεύξασθαι
350 774 459 832 νηόν
476 793 523 819 τε
541 776 614 819 καὶ
633 772 766 818 ἄλσεα
788 775 1053 832 δενδρήεντα
1066 789 1074 797 ·
1325 779 1421 833 [245]

96 844 197 898 στῆς
218 841 264 886 δὲ
283 840 387 900 μάλ’
406 840 506 900 ἄγχ’
528 840 661 899 αὐτῆς
679 847 756 887 καί
773 861 850 899 μιν
869 842 975 900 πρὸς
995 846 1144 900 μῦθον
1163 849 1322 894 ἔειπες·

203 908 437 966 Τελφοῦσ’,
469 910 633 955 ἐνθάδε
652 908 705 966 δὴ
725 908 898 967 φρονέω
919 913 1180 966 περικαλλέα
1199 909 1308 968 νηὸν

95 975 346 1033 ανθρώπων
367 981 512 1031 τεῦξαι
530 977 812 1035 χρηστήριον,
845 982 934 1023 οἵτε
952 997 1024 1036 μοι
1044 981 1126 1023 αἰει
1381 989 1424 1024 70
1485 1015 1488 1017 -

96 1043 253 1089 ἐνθάδ’
276 1043 533 1104 ἀγινήσουσι
550 1048 783 1102 τεληέσσας
802 1046 1055 1110 εκατόμβας,

96 1109 202 1169 ἦμεν
220 1110 314 1158 ὅσοι
333 1113 676 1171 Πελοπόννησον
693 1119 869 1170 πίειραν
888 1119 1074 1172 ἔχουσιν
1325 1120 1422 1169 [250]

98 1177 170 1236 ἠδ’
190 1178 283 1226 ὅσοι
302 1179 524 1239 Εὐρώπην
544 1200 588 1226 τε
607 1183 681 1226 καὶ
700 1179 948 1239 αμφιρύτας
965 1181 1076 1226 κατὰ
1094 1182 1267 1239 νήσους,

95 1247 370 1306 χρησόμενοι·
398 1260 537 1294 τοῖσιν
558 1252 609 1294 δέ
623 1247 666 1293 τ’
687 1248 771 1306 ἐγώ
791 1252 1003 1307 νημερτέα
1023 1249 1190 1306 βουλὴν

95 1317 199 1360 πᾶσι
217 1316 519 1374 θεμιστεύοιμι
538 1319 678 1373 χρέων
699 1318 763 1360 ε’νὶ
786 1323 905 1362 πίονι
924 1320 1028 1377 νηῷ.
1377 1329 1419 1365 75

185 1380 264 1435 Ὣς
290 1382 425 1429 εἰπών
446 1386 624 1442 διέθηκε
642 1390 844 1441 θεμείλια
866 1391 1028 1442 Φοῖβος
1044 1382 1265 1430 Ἀπόλλων

96 1449 223 1507 εὐρέα
243 1453 315 1496 καὶ
334 1451 447 1509 μάλα
465 1451 609 1510 μακροὶ
630 1454 847 1508 διηνεκές·
876 1450 902 1510 ἡ
924 1452 965 1497 δ’
987 1456 1194 1498 ἐσιδοῦσα
1326 1460 1418 1512 [255]

101 1522 328 1576 Τελφοῦσα
347 1523 534 1577 κραδίην
553 1519 791 1577 ἐχολώσατο
814 1520 911 1565 εἶπέ
927 1540 972 1565 τε
991 1523 1161 1577 μῦθον·

196 1592 332 1644 Φοῖβε
352 1586 458 1641 ἅναξ,
481 1587 681 1645 ἑκάεργε,
712 1593 812 1639 ἔπος
830 1594 875 1632 τί
889 1606 955 1633 τοι
976 1591 1024 1632 ἐν
1043 1590 1174 1644 φρεσὶ
1192 1589 1317 1646 θήσω
1330 1603 1341 1612 ·

96 1653 255 1699 ἐνθάδ’
276 1657 369 1700 ἐπεὶ
386 1657 586 1712 φρονέεις
604 1657 749 1709 τεῦξαι
769 1657 1031 1712 περικαλλέα
1049 1655 1172 1713 νηὸν,
1375 1669 1421 1703 80

95 1727 273 1779 ἔμμεναι
293 1720 545 1779 ἀνθρώποις
566 1722 848 1781 χρηστήριον,
877 1728 967 1768 οἴτε
986 1742 1050 1768 τοι
1071 1725 1155 1768 αἰεὶ.

95 1788 252 1834 ἐνθάδ’
274 1787 531 1848 ἀγινήσουσι
550 1793 781 1848 τεληέσσας
801 1790 1040 1848 ἑκατόμβας
1064 1818 1121 1824 —
1325 1798 1417 1848 [260]

94 1854 192 1900 ἄλλ’
213 1862 260 1902 ἔκ
279 1876 344 1902 τοι
363 1861 469 1915 ἐρέω
484 1894 494 1913 ‚
523 1858 578 1902 σὺ
601 1857 642 1903 δ’
664 1860 729 1903 ἐνὶ
748 1860 877 1916 φρεσὶ
897 1858 1054 1915 βάλλεο
1075 1863 1189 1917 σῇσι..

94 1926 303 1981 πημανέει
323 1924 367 1970 σ’
388 1927 471 1971 αἰεὶ
492 1926 652 1978 κτύπος
669 1930 818 1971 ἵππων
838 1924 1046 1975 ὠκειάων,

94 1989 331 2049 ἀρδόμενοί
344 1991 387 2038 τ’
407 1992 560 2050 οὐρῆες
580 1996 696 2052 έμῶν
715 1997 846 2050 ἱερῶν
869 1992 953 2038 ἀπὸ
973 1996 1170 2051 πηγέων·
1374 2007 1417 2041 85

95 2059 206 2104 ἔνθα
223 2079 287 2113 τις
306 2059 557 2118 ἀνθρώπων
576 2061 834 2119 βουλήσεται
855 2061 1139 2118 εἰσοραασθαι

94 2145 262 2185 αρματα
280 2127 321 2172 τ’
343 2127 550 2187 εὐποίητα
569 2131 641 2174 καὶ
664 2127 909 2174 ωκυπόδων
934 2129 1099 2174 κτύπον
1121 2134 1283 2176 ι’.ππων
1318 2135 1414 2186 [265]

95 2191 122 2250 ἢ
137 2194 246 2277 νηόν
263 2215 308 2241 τε
327 2196 465 2262 μέγαν
483 2198 555 2242 καὶ
573 2197 765 2254 κτήματα
784 2196 910 2242 πόλλ’
932 2197 1120 2242 ἐνεόντα.

93 2259 189 2306 αλλ’
211 2268 250 2308 εί
269 2263 321 2321 δή
340 2283 379 2309 τι
402 2270 574 2319 πίθοιο
605 2263 660 2309 συ
682 2265 727 2310 δὲ
746 2270 960 2320 κρείσσων
978 2267 1050 2310 καὶ
1070 2264 1231 2321 αρείων

93 2330 205 2385 ἐσσὶ,
237 2329 368 2388 ἅναξ,
397 2331 578 2390 ἐμέθεν,
606 2336 685 2377 σεῦ
705 2333 751 2377 δε
769 2332 929 2384 σθένος
948 2335 1037 2378 ἐστὶ
1056 2333 1273 2390 μέγιστον,
1371 2344 1416 2378 90
