1619 2556
443 111 470 143 1.
506 112 586 143 ΕΙΣ
609 112 881 144 ΑΠΟΛΛῼΝΑ
905 112 1102 144 ΔΗΛΙΟΝ.
1411 104 1433 141 5

107 213 341 271 ἄνθρωποί
354 232 420 258 τοι
440 214 598 266 πάντες
617 212 874 272 ἀγινήσουσ’
897 215 1135 273 ἑκατόμβας

108 280 263 327 ἐνθάδ)
283 280 556 339 ἀγειρόμενοι
571 317 581 337 ,
611 287 766 340 κνίσση
786 284 838 328 δέ
851 301 917 327 τοι
935 282 1119 335 ἄσπετος
1138 286 1223 330 αἰεὶ

107 349 125 370 *
143 349 276 407 δηρὸν
296 347 403 403 ἅναξ
425 354 465 394 εἰ
481 350 655 407 βόσκοις
673 353 771 395 θεοὶ
792 352 844 395 κε’
858 348 902 394 σ’
923 356 1080 407 ἔχωσιν

107 416 246 475 χειρὸς
265 415 343 462 ἀπ’
363 416 612 474 ἀλλοτρίης,
643 420 736 463 ἐπεὶ
756 417 808 463 οὔ
828 437 894 463 τοι
913 429 1019 475 πῖαρ
1038 416 1120 463 ὑπ’
1141 414 1288 472 οὖδας.
1390 431 1434 465 60

190 484 269 537 Ὣς
289 485 420 542 φάτο·
439 497 560 542 χαῖρε
582 486 628 530 δὲ
643 490 810 543 Δῆλος,
832 484 1097 544 ἀμειβομένη
1118 487 1165 532 δὲ
1184 488 1411 545 προσηύδα
1424 502 1432 509 ·

110 559 262 610 Λητοῖ,
292 557 474 610 κυδίστη
493 553 687 610 θύγατερ
708 554 900 612 μεγάλου
919 559 1085 610 Κοίοιο,

46 642 49 644 ·
106 619 295 678 ἀσπασίη
314 621 394 678 μὲν
414 627 549 678 ἔγωγε
568 620 704 679 γονὴν
724 622 889 667 ἑκάτοιο
910 621 1095 674 ἄνακτος

108 692 332 747 δεξαίμην·
361 693 494 741 αἰνῶς
514 688 598 746 γάρ
619 689 830 747 ἐτήτυμόν
851 695 936 747 εἰμι
958 691 1146 749 δυσηχὴς

106 755 338 814 ἀνδράσιν·
368 750 454 801 ὦδε
474 759 526 802 δέ
542 775 619 802 κεν
639 757 948 815 περιτιμήεσσα
966 764 1186 817 γενοίμην.
1389 771 1432 806 65

106 823 213 870 ἀλλὰ
232 824 330 869 τόδε
348 826 536 882 τρομέω,
566 829 723 882 Λητοῖ,
756 831 877 881 ἔπος,
905 824 1014 872 οὐδέ
1029 841 1077 871 σε
1095 827 1256 872 κεύσω·

106 898 205 950 λίην
222 892 305 950 γάρ
324 911 422 937 τινα
441 894 577 950 φασὶν
596 891 1114 939 ἀτάσθαλονἈπόλλωνα

106 966 311 1006 ἔσσεσθαι
324 996 334 1016 ,
363 963 472 1018 μέγα
494 961 541 1005 δὲ
560 964 918 1019 πρυτανευσέμεν
938 961 1196 1009 ἀθανάτοισι

106 1031 177 1074 καὶ
194 1036 396 1086 θνητοῖσι
416 1034 639 1086 βροτοῖσιν
661 1031 731 1074 ἐπὶ
756 1033 963 1086 ζείδωρον
980 1028 1186 1088 ἄρουραν.

108 1100 166 1157 τῷ
185 1095 231 1154 ῤ’
252 1099 384 1148 αἰνῶς
405 1100 599 1142 δείδοικα
619 1097 727 1142 κατὰ
751 1099 891 1154 φρένα
911 1099 984 1143 καὶ
1002 1098 1111 1143 κατά
1129 1098 1291 1157 θυμὸν,
1388 1110 1432 1145 70

105 1164 184 1222 μὴ,
213 1162 377 1209 ὁπόταν
394 1164 441 1208 τὸ
461 1168 636 1222 πρῶτον
655 1169 728 1223 ἴδῃ
749 1166 859 1222 φάος
878 1164 1053 1223 ἠελίοιο,

104 1236 239 1290 νῆσον
257 1231 466 1290 ἀτιμήσας
478 1268 488 1288 ,
519 1232 641 1290 ε’πειὴ
659 1233 962 1290 κραναήπεδός
982 1239 1082 1292 εἰμι,

105 1303 232 1345 ποσσὶ
253 1302 550 1357 καταστρέψας
571 1300 661 1359 ὤσῃ
681 1299 783 1353 ἁλὸς
802 1305 849 1346 ἐν
868 1301 1141 1359 πελάγεσσιν.

105 1367 205 1413 ἔνθ’
227 1369 299 1426 ἐμὲ
317 1369 397 1426 μὲν
415 1374 525 1426 μέγα
543 1372 659 1426 κῦμα
679 1369 788 1414 κατὰ
806 1369 961 1426 κρατὸς
980 1369 1075 1422 ἅλις
1095 1373 1180 1416 αἰεὶ

104 1436 301 1482 κλύσσει·
328 1434 350 1480 ὁ
373 1439 400 1480 δ
406 1434 415 1449 ²
436 1435 573 1493 ἄλλην
591 1448 724 1494 γαῖαν
743 1436 964 1494 ἀφίξεται,
991 1436 1018 1495 ἦ
1036 1456 1114 1483 κεν
1133 1437 1217 1496 ἅδῃ
1238 1442 1292 1494 οῖ,
1389 1447 1431 1484 75

106 1504 339 1558 τεύξασθαι
359 1503 467 1561 νηόν
486 1523 531 1548 τε
552 1506 625 1549 καὶ
644 1503 777 1550 ἄλσεα
798 1505 1084 1563 δενδρήεντα·
1337 1506 1340 1514 ’

105 1572 377 1623 πουλύποδες
399 1569 441 1616 δ’
463 1574 510 1616 ἐν
531 1574 624 1630 ἐμοὶ
643 1573 845 1630 θαλάμας
868 1577 1018 1631 φῶκαί
1032 1592 1076 1617 τε
1096 1576 1296 1630 μέλαιναι

105 1645 220 1686 οἰκία
238 1639 491 1697 ποιήσονται
512 1638 696 1697 ἀκηδέα,
725 1641 846 1698 χήτεϊ
862 1645 992 1686 λαών.

106 1706 202 1753 ἀλλ’
224 1715 268 1753 εἰ
280 1725 352 1765 μοι
371 1712 519 1765 τλαίης
538 1726 587 1764 γε
599 1743 610 1764 ,
637 1707 745 1763 θεὰ,
774 1711 912 1766 μέγαν
931 1708 1063 1765 ὅρκον
1082 1708 1276 1767 ὀμόσσαι,

106 1775 267 1821 ἐνθάδε
286 1794 362 1833 μιν
381 1778 556 1832 πρῶτον
573 1776 743 1830 τεύξειν
760 1779 1022 1833 περικαλλέα
1039 1780 1162 1835 νηὸν,
1384 1788 1430 1822 80

106 1849 284 1901 ἔμμεναι
306 1841 559 1899 ἀνθρώπων
577 1844 860 1901 χρηστήριον,
888 1843 1025 1902 αὐτὰρ
1046 1850 1192 1890 ἔπειτα

373 1915 393 1940 ια
665 1920 685 1944 ια
956 1915 976 1936 *ι

105 1977 268 2030 πάντας
288 1976 359 2023 ἐπ’
379 1976 665 2034 ἀνθρώπους,
696 1978 818 2036 ἐπειὴ
838 1979 1123 2038 πολυώνυμός
1143 1984 1270 2026 ε’στιν.

195 2044 275 2097 ’Ὡς
294 2044 368 2101 ἄρ’
390 2051 472 2103 ἔφη
485 2059 493 2067 ·
521 2045 649 2103 Λητώ
671 2048 718 2092 δὲ
735 2050 856 2092 θεῶν
874 2050 1012 2105 μέγαν
1029 2047 1162 2105 ὅρκον
1181 2047 1385 2105 ὄμοσσεν·

95 2111 220 2157 ’Ίστω
239 2116 324 2157 νῦν
343 2113 444 2158 τάδε
463 2118 576 2158 Γαῖα
597 2116 668 2158 καὶ
690 2113 889 2172 Οὐρανὸς
909 2114 1037 2172 εὐρὺς
1055 2115 1266 2172 ὕπερθεν,

106 2182 178 2225 καὶ
198 2180 244 2225 τὸ
265 2181 576 2238 κατειβόμενον
595 2182 767 2239 Στυγὸς
787 2181 931 2240 ὕδωρ,
960 2182 1058 2228 ὅστε
1077 2187 1276 2242 μέγιστος
1382 2195 1426 2230 85

106 2247 233 2305 ὅρκος
253 2248 498 2302 δεινότατός
516 2268 562 2294 τε
581 2252 700 2295 πέλει
719 2251 957 2308 μακάρεσσι
976 2259 1171 2297 θεοῖσιν·

106 2310 132 2373 ἦ
150 2316 236 2374 μὴν
257 2322 423 2373 Φοίβου
442 2320 546 2374 τῇδε
564 2317 743 2375 θυώδης
761 2323 929 2364 ἔσσεται
949 2320 1033 2364 αἰεὶ
