1619 2556
156 114 203 150 ¹4
473 126 521 156 11.
559 126 638 157 Em
661 124 932 157 ΑΠΟΛΛῼΝΑ
957 124 1159 158 namon.

243 224 321 278 ‘229
342 227 510 272 εἰποῦσ’
541 226 757 285 ἀπονόσφι
776 232 898 273 θεῶν
917 233 983 272 κίε
1001 230 1198 285 χωομένη
1217 231 1308 284 κῆρ.

152 292 294 339 αὐτίκ’
315 294 450 339 ἔπειτ’
472 294 603 351 ἠρᾶτο
624 300 786 353 βοῶπις
809 294 1100 352 πότνια”Ηρη,

154 364 261 418 χειρὶ
280 374 550 419 καταπρηνεῖ
568 362 610 408 δ’
632 369 755 409 ἔλασε
774 363 915 420 χθόνα
934 366 1006 408 καὶ
1025 363 1135 420 φάτο
1153 367 1319 420 μῦθον·
1409 375 1473 407 1⁵5

254 433 444 475 Κέκλυτε
466 434 549 474 νῦν
569 449 655 488 μοι,
677 437 787 477 Γαῖα
805 433 878 476 καὶ
893 429 1092 488 Οὐρανὸς
1113 429 1242 488 εὐρὺς
1258 430 1471 486 ὕπερθεν,

158 501 332 553 Τιτῆνές
353 516 398 542 τε
415 500 515 543 θεοὶ
527 535 535 550 ,
565 501 631 558 τοὶ
649 498 734 544 ὑπὸ
753 501 884 556 χθονὶ
902 499 1174 550 ναιετάοντες
1374 501 1470 552 [335]

158 565 381 622 Τάρταρον
403 566 515 624 ἀμφὶ
533 569 692 624 με’γαν,
722 571 809 611 τῶν
829 569 871 621 ἒξ
896 566 1053 623 ἄνδρες
1073 585 1117 611 τε
1136 573 1240 611 θεοί
1255 580 1319 611 τε·

151 631 289 689 αὐτὰρ
309 637 393 677 νῦν
413 653 495 691 μευ
515 634 674 687 πάντες
693 633 906 680 ἀκούσατε
926 637 998 680 καὶ
1019 634 1116 680 δότε
1135 638 1271 679 παῖδα

152 701 281 757 νόσφι.
302 701 431 757 Διὸς,
463 705 601 759 μηδέν
619 722 659 747 τι
679 709 781 760 βίην
802 705 1004 747 ἐπιδευέα
1023 709 1191 747 κείνου·
1411 712 1472 746 160

151 767 248 813 ἀλλ’
269 768 342 826 ὅγε
363 772 570 825 φέρτερος
590 778 655 827 εἴη
668 807 677 814 .
707 770 811 815 ὅσον
831 771 1006 826 Κρόνου
1027 768 1220 826 εὐρύοπα
1241 771 1360 821 Ζεύς.

242 835 318 888 Ὦς
338 837 421 893 ἄρα
442 837 670 895 φωνήσασ’
690 843 818 895 ἵμασε
837 839 978 895 χθόνα
998 840 1107 894 χειρὶ
1127 845 1303 895 παχείῃ·
1375 841 1470 891 [340]

151 905 312 962 κινήθη
335 904 376 949 δ’
399 904 482 960 ἄρα
504 911 615 950 Γαῖα
634 909 885 963 φερέσβιος·
916 904 941 964 Υἡ
963 910 988 950 δ
996 905 1004 920 ’
1028 909 1231 950 ἐσιδοῦσα

151 976 327 1028 τέρπετο
348 972 399 1017 δι’
419 973 526 1018 κατὰ
544 974 713 1031 θυμόν·
743 973 857 1020 ὀΐετο
876 973 960 1031 γὰρ
979 976 1219 1018 τελέεσθαι.

151 1044 197 1085 ἐκ
218 1041 374 1085 τούτου
396 1041 448 1098 δὴ
467 1047 614 1086 ἔπειτα
635 1041 899 1098 τελεσφόρον
926 1047 985 1093 εἰς
1006 1040 1208 1086 ἐνιαυτὸν
1410 1051 1472 1085 165

150 1108 250 1153 οὔτε
269 1108 366 1153 πότ’
390 1114 450 1160 εἰς
471 1108 603 1166 εὐνὴν
622 1109 730 1162 Διὸς
749 1109 888 1166 ἤλυθε
908 1109 1170 1167 μητιόεντος,

151 1175 249 1221 οὕτε
270 1175 368 1221 πότ’
390 1182 449 1228 εἰς
462 1181 612 1222 θῶκον
627 1182 965 1231 πολυδαίδαλον,
982 1175 1037 1229 ὡς
1050 1176 1097 1221 τὸ
1112 1176 1246 1232 πάρος
1261 1194 1356 1232 περ,
1377 1179 1469 1230 [345]

151 1243 286 1303 [αὐτῷ
307 1247 539 1302 ἐφεζομένη
560 1246 745 1297 πυκινὰς
765 1248 1026 1302 φραζέσκετο
1045 1244 1206 1302 βουλάς
1218 1248 1243 1298 ·]

150 1311 247 1357 ἄλλ’
268 1310 341 1369 ἥγ’
363 1315 410 1357 ἐν
429 1324 572 1370 νηοῖσι
592 1319 915 1358 πολυλλίστοισι
934 1315 1125 1370 μένουσα

151 1384 327 1436 τέρπετο
348 1378 411 1431 οἷς
431 1385 581 1436 ι”εροῖσι
601 1385 765 1438 βοῶπις
786 1379 1072 1438 πότνια’Ἡρη.
1411 1388 1471 1423 170

150 1446 245 1492 ἀλλ’
267 1446 336 1492 ὅτε
358 1448 411 1505 δὴ
431 1449 585 1500 νύκτες
605 1468 651 1493 τε
669 1452 740 1493 καὶ
760 1447 912 1506 ἡμέραι
934 1451 1202 1502 ἐξετελεῦντο

150 1513 210 1565 ἂψ
230 1519 590 1574 περιτελλομένου
611 1522 725 1568 ε’τεος
745 1518 817 1561 καὶ
836 1516 1061 1572 ἐπήλυθον
1081 1510 1204 1572 ὧραι,
1377 1517 1470 1568 [350]

152 1581 175 1640 ἡ
196 1582 240 1628 δ’
261 1582 374 1628 ἔτεκ’
395 1583 495 1628 οὔτε
514 1592 635 1635 θεοῖς
656 1587 904 1641 ἐναλίγκιον
923 1583 1024 1628 οὔτε
1043 1589 1251 1641 βροτοῖσι,

151 1651 297 1695 δεινόν
320 1649 359 1694 τ’
381 1650 595 1708 ἀργαλέον
614 1671 659 1696 τε
687 1652 915 1709 Τυφάονα,
946 1655 1065 1709 πῆμα
1085 1657 1319 1708 βροτοῖσιν.

150 1718 304 1763 αὐτίκα
325 1719 451 1763 τόνδε
470 1724 662 1776 λαβοῦσα
686 1724 849 1776 βοῶπις
869 1717 1143 1776 πότνια”Ηρη
1412 1726 1470 1762 175

151 1790 292 1830 δῶκεν
311 1792 457 1831 ἔπειτα
477 1789 670 1843 φέρουσα
690 1791 811 1846 κακῷ
828 1786 986 1832 κακόν·
1016 1785 1041 1843 ἡ
1063 1786 1107 1831 δ’
1132 1785 1352 1830 ὑπέδεκτο.

150 1853 177 1910 ἣ
194 1853 304 1898 κακὰ
319 1853 443 1899 πόλλ’
460 1859 637 1910 ἔρδεσκε
653 1855 760 1900 κατὰ
779 1854 913 1899 κλυτὰ
932 1852 1040 1912 φῦλ’
1061 1853 1347 1909 ἀνθρώπων]
1373 1855 1470 1906 [355]

149 1920 195 1972 ὃς
214 1920 314 1978 τῇγ’
335 1921 551 1966 ἀντιάσειε
565 1959 574 1970 ,
604 1924 792 1979 φέρεσκέ
807 1942 882 1979 μιν
901 1930 1075 1980 αἴσιμον
1098 1916 1222 1979 ἦμαρ,

151 1995 255 2044 πρίν
274 1993 326 2045 γε’
341 1994 385 2034 οἱ
400 1989 468 2035 ἰὸν
489 1993 651 2046 ἐφῆκεν
670 1989 777 2044 ἅναξ
798 1990 999 2048 ἑκάεργος
1016 1988 1235 2034 Ἀπόλλων

150 2056 378 2112 καρτερόν·
410 2055 434 2114 ἡ
459 2056 502 2102 δ’
525 2056 737 2115 ὀδύνῃσιν
753 2060 1018 2115 ἐρεχθομένη
1043 2060 1267 2114 χαλεπῇσι,
1409 2065 1471 2099 180

151 2135 266 2169 κεῖτο
285 2123 384 2182 μέγ’
405 2123 711 2181 ἀσθμαίνουσα
729 2128 1021 2183 κυλινδομένη
1039 2123 1147 2169 κατὰ
1166 2128 1319 2181 χῶρον.

149 2198 361 2248 θεσπεσίη
382 2197 407 2236 δ
416 2191 424 2206 ’
447 2193 579 2249 ἐνοπὴ
598 2192 742 2249 γένετ’
763 2191 965 2244 ἄσπετος·
995 2190 1020 2249 ἡ
1041 2192 1087 2237 δὲ
1107 2190 1216 2236 καθ’
1237 2189 1348 2247 ὕλην
1375 2192 1468 2243 [360]

150 2259 294 2305 πυκνὰ
314 2257 418 2317 μάλ’
440 2265 550 2305 ἔνθα
570 2263 641 2304 καὶ
661 2266 771 2305 ἔνθα
791 2262 979 2306 ἑλίσσετο
993 2295 1002 2304 .
1031 2265 1152 2304 λεῖπε
1174 2260 1220 2304 δὲ
1239 2257 1383 2314 θυμὸν

150 2326 306 2381 φοινὸν
324 2326 610 2372 ἆποπνειόυσ’
625 2343 633 2349 “
665 2326 687 2371 ὁ
709 2331 735 2372 δ
744 2327 753 2341 ⁷
775 2328 985 2385 ἐπηύξατο
1007 2332 1167 2384 Φοῖβος
1185 2324 1420 2370 Ἀπόλλων’
