1619 2556
168 105 218 144 42
580 115 642 146 ιν.
677 114 757 145 ΕΙΣ
784 113 1080 146 ΑΦΡΟΔΙΤΗΝ.

168 218 243 263 τὸν
263 218 306 264 δ’
327 213 428 275 εὗρε
447 225 682 276 σταθμοῖσι
703 220 983 275 λελειμμένον
1002 216 1096 261 οἷον
1119 215 1197 261 ἀπ’
1218 215 1363 260 ἄλλων

166 285 365 345 Ἀγχίσην
385 286 504 344 ἥρωα
517 323 526 337 ,
558 289 680 331 θεῶν
698 285 783 330 ἄπο
803 285 958 337 κάλλος
977 290 1142 342 ἔχοντα.

167 359 212 400 οἱ
228 359 254 400 δ
261 354 269 368 ’
293 355 379 412 ἅμα
400 357 557 412 βουσὶν
577 358 733 400 ἕποντο
752 354 914 411 νομοὺς
933 353 1042 398 κατὰ
1062 353 1290 411 ποιήεντας

169 423 347 475 πάντες·
376 422 397 467 ὁ
420 424 466 468 δὲ
487 430 720 479 σταθμοῖσι
740 424 1017 480 λελειμμένος
1035 422 1124 474 οἶος
1143 419 1220 466 ἀπ’
1242 419 1381 465 τ’ἔλλωι

169 489 347 537 πωλεῖτ’
369 496 480 537 ἔνθα
501 493 573 535 καὶ
594 495 704 536 ἔνθα
726 491 988 547 διαπρύσιον
1013 495 1263 544 κιθαρίζων.

169 563 247 618 στῆ
268 558 309 604 δ’
331 558 467 604 αὐτοῦ
490 552 764 615 προπάροιθε
784 558 893 610 Διὸς
913 558 1113 615 θυγάτηρ
1131 558 1376 615 Ἀφροδίτη,

169 630 379 687 παρθένῳ
401 626 570 685 ἀδμήτῃ
592 630 778 685 μέγεθος
797 628 870 672 καὶ
891 626 1005 678 εἶδος
1023 625 1162 684 ὁμοίη,

170 698 226 754 μή
245 715 321 753 μιν
341 696 599 753 ταρβήσειεν
619 698 667 740 ἐν
686 694 953 752 ὀφθαλμοῖσι
973 695 1144 752 νοήσας.

169 765 362 822 Ἀγχίσης
385 762 427 808 δ’
449 762 591 821 ὁρόων
611 763 816 820 ἐφράζετο
836 763 1085 820 θαύμαινέν
1105 782 1147 807 τε

172 833 286 884 εἶδός
306 852 350 876 τε
371 832 558 889 μέγεθός
576 850 622 877 τε
640 833 713 876 καὶ
733 836 886 889 εἵματα
905 831 1175 888 σιγαλόεντα.

171 903 337 946 πέπλον
355 901 435 958 μὲν
453 899 535 957 γὰρ
556 903 675 946 ἕεστο
696 899 983 957 φαεινότερον
1002 899 1138 955 πυρὸς
1157 898 1306 956 αὐγῆς.

173 969 258 1026 εἶχε
280 973 306 1014 δ
313 968 322 983 ’
343 968 620 1026 ἐϋγναμπτὰς
641 971 786 1019 ἕλικας
804 968 995 1020 κάλυκάς
1014 986 1059 1013 τε
1079 968 1283 1025 φαεινάς·

171 1036 297 1094 ὅρμοι
319 1035 360 1081 δ’
381 1035 492 1094 ἀμφ’
514 1035 661 1094 ἁπαλῇ
681 1040 806 1094 δειρῇ
825 1038 1105 1092 περικαλλέες
1125 1031 1250 1093 ἦσαν,

172 1107 315 1155 καλοὶ.
343 1104 559 1161 χρύσειοι,
587 1110 893 1161 παμποίκιλοι·
923 1102 979 1156 ως
999 1105 1047 1149 δὲ
1066 1105 1225 1162 σελήνη

172 1174 381 1231 στήθεσιν
400 1171 512 1231 ἀμφ’
533 1171 766 1218 ἁπαλοῖσιν
786 1173 1020 1230 ἐλάμπετο,
1048 1176 1201 1230 θαῦμα
1221 1174 1407 1217 ἰδέσθαι.
1458 1182 1503 1217 90

170 1241 370 1299 Ἀγχίσην
394 1239 435 1285 δ’
457 1247 552 1297 ἔρος
573 1240 709 1291 εἷλεν.
739 1246 838 1292 ἔπος
861 1243 912 1285 δέ
926 1260 1003 1298 μιν
1022 1239 1174 1286 ἀντίον
1193 1239 1327 1298 ηὔδα·

276 1316 434 1365 Χαῖρε.
464 1309 635 1361 ἄνασσ’.
664 1308 756 1366 ἥτις
775 1309 985 1367 μακάρων
1003 1309 1105 1353 τάδε
1128 1306 1300 1366 δώμαθ’
1326 1308 1500 1363 ἱκάνεις,

173 1378 370 1435 ’Ἄρτεμις
391 1376 416 1434 ἢ
434 1377 562 1435 Λητώ
583 1377 630 1435 ἠὲ
650 1380 810 1434 χρυσέη
829 1375 1061 1434 Ἀφροδίτη

174 1444 200 1503 ἢ
220 1448 351 1502 Θέμις
372 1445 558 1504 ήϋγενὴς
578 1445 624 1503 ἠὲ
650 1449 900 1502 γλαυκῶπις
918 1443 1091 1502 Ἀθήνη.

175 1513 200 1571 ἥ
218 1514 304 1559 πού
324 1533 387 1565 τις
406 1519 610 1570 Χαρίτων
632 1512 756 1569 δεῦρ’
778 1512 941 1570 ἤλυθες
954 1549 963 1565 .
992 1517 1084 1558 αἵτε
1104 1521 1247 1558 θεοῖσι

174 1588 307 1627 πᾶσιν
328 1585 584 1637 ἑταιρίζουσι
604 1584 676 1627 καὶ
695 1580 909 1627 ἀθάνατοι
929 1584 1170 1627 καλέονται.

175 1650 200 1708 ἥ
220 1670 282 1703 τις
304 1651 559 1707 Νυμφάων.
590 1648 679 1696 αἵτ’
700 1649 834 1694 ἄλσεα
854 1649 963 1694 καλὰ
983 1652 1202 1707 νέμονται.

175 1721 245 1764 καὶ
267 1720 406 1776 πηγὰς
425 1723 632 1776 ποταμῶν
651 1720 723 1763 καὶ
742 1724 870 1763 πίσεα
890 1718 1106 1775 ποιήεντα.

175 1789 241 1831 σοὶ
262 1786 305 1832 δ’
329 1786 411 1844 ἐγώ
434 1790 481 1831 ἐν
501 1791 682 1844 σκοπιῇ.
705 1789 1060 1845 περιφαινομένῳ
1078 1787 1143 1831 ἐνὶ
1162 1784 1301 1843 χώρῳ,

175 1855 324 1912 βωμὸν
344 1855 510 1911 ποιήσω
524 1891 534 1906 ,
567 1858 675 1912 ρ”έξω
697 1857 748 1899 δέ
764 1872 828 1898 τοι
850 1853 944 1910 ι”ερά
964 1853 1075 1899 καλὰ

176 1922 340 1981 ὥρῃσιν
360 1924 541 1981 πάσῃσι·
571 1922 625 1967 σὺ
646 1921 687 1968 δ’
711 1921 906 1979 εὔφρονα
927 1922 1075 1979 θυμὸν
1094 1927 1249 1978 ἔχουσα

176 1991 249 2043 δός
267 2010 319 2049 με
338 1990 445 2048 μετὰ
471 1992 693 2046 Τρώεσσιν
711 1989 942 2046 ἀριπρεπέ’
964 1996 1143 2047 ἔμμεναι
1163 1987 1353 2043 ἀνδρῶν.

176 2065 286 2103 ποίει
310 2058 352 2102 δ’
375 2064 578 2104 εἰσοπίσω
598 2058 792 2115 θαλερὸν
810 2058 964 2115 γόνον,
992 2056 1129 2114 αὐτὰρ
1150 2055 1219 2113 ἔμ’
1239 2054 1375 2100 αὐτὸν

178 2126 312 2184 δηρὸν
333 2126 382 2171 ἐῢ
401 2127 526 2181 ζώειν
545 2129 615 2172 καὶ
636 2126 746 2186 ὁρᾷν
765 2126 875 2183 φάος
895 2125 1069 2183 ἠελίοιο.

176 2194 327 2252 ὄλβιον
347 2199 394 2238 ἐν
415 2201 554 2247 λαοῖς.
584 2198 652 2240 καὶ
676 2195 836 2253 γήραος
855 2193 990 2237 οὐδὸν
1011 2196 1195 2238 ἱκέσθαι.

179 2332 202 2387 ἢ
226 2339 428 2387 Νυμφῶν,
459 2339 502 2375 αἳ
524 2333 641 2376 καλὸν
662 2333 751 2386 ὅρος
773 2334 860 2376 τόδε
880 2332 1113 2383 ναιετάουσι,

1461 1521 1504 1556 95

1462 1725 1506 1761 99

1442 1795 1506 1828 100

1443 2133 1507 2166 105
