1619 2556
564 104 630 136 111.
666 103 746 134 ΕΙΣ
774 102 953 134 EPMHN.
1374 93 1425 132 37

95 208 280 268 ἄψορροι
301 209 409 267 πρὸς
426 208 653 267 Ὄλυμπον
672 206 920 265 ἀγάννιφον
941 206 1200 265 ἐρρώσαντο,
1360 219 1427 252 505

96 277 351 335 τερπόμενοι
370 277 602 335 φόρμιγγι·
631 276 740 333 χάρη
763 271 806 319 δ’
828 271 911 331 α’ρα
930 277 1107 333 μητιέτα
1127 273 1236 326 Ζεύς

370 350 388 368 a:
660 347 682 371 ¹0¹
953 353 970 374 *

103 471 184 514 Καὶ
208 469 300 513 τότε
322 472 538 526 Λητοΐδης
553 467 712 527 Ἐρμῆν
731 469 837 527 πρὸς
855 473 1003 527 μῦθον
1023 471 1138 512 ἔειπε
1362 478 1427 512 513

199 540 381 592 Δείδια,
409 537 615 589 Μαιάδος
633 538 722 593 υἱὲ,
753 538 979 595 διάκτορε,
1008 538 1308 592 ποικιλομῆτα,

49 647 52 649 ,
97 605 155 663 μή
173 625 245 664 μοι
265 604 352 663 ἅμα
372 607 533 662 κλέψῃς
552 611 735 662 κίθαριν
752 607 825 651 καὶ
845 604 1050 664 καμπύλα
1067 602 1190 656 τόξα·
1364 615 1428 648 515

98 673 225 731 τιμὴν
244 673 328 731 γὰρ
348 672 433 730 πὰρ
454 672 594 730 Ζηνὸς
613 679 722 732 ἔχεις
742 677 975 732 ἐπαμοίβια
995 677 1099 728 ἔργα

98 741 256 799 θήσειν
273 739 551 800 ἀνθρώποισι
570 741 678 787 κατὰ
698 741 839 799 χθόνα
859 738 1218 797 πουλυβότειραν.

99 808 197 854 ἀλλ’
220 817 263 855 εἴ
276 828 349 868 μοι
368 816 516 867 τλαίης
536 828 587 867 γε
605 814 727 855 θεῶν
745 813 883 868 μέγαν
901 809 1035 868 ὅρκον
1053 805 1247 865 ὀμόσσαι,

99 877 229 922 πάντ’
250 875 305 923 ἄν
325 881 413 938 ἐμῷ
431 881 565 937 θυμῷ
588 881 877 936 κεχαρισμένα
896 880 970 924 καὶ
989 882 1096 935 φίλα
1115 878 1270 932 ἔρδειν.
1361 886 1430 920 520

200 947 289 990 Καὶ
306 945 402 991 τότε
422 946 628 998 Μαιάδος
647 946 740 999 υίὸς
758 945 1056 1005 ὑποσχόμενος
1074 944 1322 1000 κατένευσε,

99 1014 156 1071 μή
177 1013 276 1059 ποτ’
297 1012 586 1069 ἀποκλέψειν,
612 1013 682 1059 ὅσ’
696 1014 927 1073 Ἑκηβόλος
950 1012 1229 1069 ἐκτεάτισται,

100 1085 212 1140 μηδέ
228 1082 327 1128 ποτ’
350 1082 610 1140 ἐμπελάσειν
629 1087 802 1143 πυκινῷ
822 1084 940 1143 δόμῳ
953 1096 963 1105 ·
988 1079 1126 1138 αὐτὰρ
1143 1079 1362 1125 Ἀπόλλων

103 1154 317 1208 Λητοΐδης
337 1153 599 1196 κατένευσεν
619 1150 690 1197 ἐπ’
712 1150 872 1212 ἀρθμῷ
890 1152 962 1197 καὶ
981 1148 1192 1208 φιλότητι,

101 1238 158 1299 μη
176 1237 274 1264 τινα
294 1225 501 1276 φίλτερον
519 1218 653 1264 ἀλλον
672 1223 719 1265 ἐν
739 1219 1028 1265 ἀθανάτοισιν
1047 1223 1239 1273 ἔσεσθαι,
1363 1228 1430 1262 525

101 1286 205 1344 μήτε
223 1286 334 1332 θεὸν
353 1287 435 1345 μήτ
443 1286 614 1356 ’ἀνδρα
632 1287 740 1340 Διὸς
759 1288 912 1346 γόνον·
938 1282 966 1346 ἦ
984 1301 1032 1332 σε
1050 1289 1217 1331 τέλειον

101 1354 322 1413 σύμβολον
342 1349 579 1400 ἀθανάτων
603 1356 836 1414 ποιήσομαι
854 1354 926 1414 ἠδ’
947 1353 1213 1413 ἀνθρωπων,

102 1422 255 1468 πιστὸν
279 1427 367 1483 ἐμῷ
385 1428 518 1483 θυμῷ
536 1426 608 1469 καὶ
627 1431 791 1482 τίμιον·
819 1424 957 1482 αὐτὰρ
981 1428 1128 1470 ἔπειτα

102 1490 236 1549 ὄλβου
255 1493 328 1537 καὶ
346 1492 537 1537 πλούτου
559 1491 684 1537 δώσω
704 1494 965 1551 περικαλλέα
987 1491 1165 1549 ῥάβδον,

102 1565 330 1618 χρυσείην,
360 1562 641 1618 τριπέτηλον,
671 1559 853 1619 ἀκήριον
871 1560 897 1618 ἥ
917 1575 964 1605 σε
986 1559 1181 1617 φυλάξει,
1363 1567 1430 1601 530

103 1627 267 1679 πάντας
287 1627 591 1686 ἐπικραίνουσ’
613 1637 762 1687 οἴμους
783 1631 923 1675 ἐπέων
942 1647 988 1673 τε
1008 1629 1081 1673 καὶ
1100 1633 1240 1683 ἔργων

106 1699 191 1741 τῶν
209 1695 413 1754 ἀγαθῶν,
443 1695 523 1742 ὅσα
542 1699 653 1755 φημὶ
678 1698 891 1755 δαήμεναι
918 1700 965 1742 ἐκ
986 1694 1091 1748 Διὸς
1109 1693 1261 1752 ὀμφῆς.

105 1770 313 1822 μαντείην
334 1765 402 1813 δὲ,
432 1768 630 1822 φέριστε,
660 1766 924 1823 Διοτρεφὲς,
953 1763 1008 1822 ἣν
1028 1767 1244 1821 ἐρεείνεις,

105 1832 204 1878 οὔτε
227 1833 274 1878 σε
292 1833 519 1889 θέσφατόν
539 1836 628 1878 ἐστι
650 1834 861 1891 δαήμεναι
880 1832 980 1878 οὔτε
1001 1830 1086 1877 τιν’
1103 1830 1235 1876 ἄλλον

103 1949 219 2004 ἀμφω
239 1948 275 1992 δ’
305 1952 343 2001 ἐς
364 1949 553 2004 φιλότητα
579 1950 793 2006 συνήγαγε·
817 1954 887 1992 καί
905 1949 942 2023 ρ’
969 1948 989 1991 ὃ
1007 1950 1077 2003 μὲν
1093 1945 1235 2003 Ἑρμῆς
1365 1955 1429 1991 507

109 2010 308 2079 Λητοΐδην
330 2009 485 2059 ἐφίλησε
507 2008 714 2059 διαμπερὲς
743 2008 835 2057 ἐξέτι
859 2009 1004 2056 κείνου,

103 2059 241 2130 σήματ
269 2065 354 2104 ἐπεὶ
373 2065 559 2129 κίθαριν
556 2065 625 2105 ιιὲν
641 2060 845 2134 Εκηβόλφ
866 2060 1088 2131 ἐγγυάλιξεν

104 2116 286 2188 ἱμερτὴν,
316 2115 498 2172 δεδαώς’
481 2136 501 2159 ο
525 2118 561 2158 δ’
585 2116 803 2160 ὑπωλένιον
821 2107 1047 2171 κιθαριζεν·
1365 2127 1433 2160 510

102 2171 220 2225 αὐτος
240 2173 275 2214 δ’
300 2171 396 2216 αὐθ
423 2176 477 2216 ἕτε
464 2176 551 2229 ε’ρης
571 2178 710 2227 σοφίης
733 2173 946 2242 ἐκμάσσατο
966 2175 1115 2226 τέχνην

105 2233 299 2284 συρίγγων
320 2231 466 2282 ἐνοπην
487 2237 677 2283 ποιησατο
699 2227 838 2283 τηλόθ’
863 2228 1068 2281 ἀκουστήν.

106 2314 130 2370 ἢ
150 2336 192 2362 κ
179 2323 301 2376 φαλῇ
321 2317 482 2372 νεύσας,
504 2337 529 2372 η
548 2320 611 2360 ε’πὶ
632 2317 782 2373 Στυγὸς
802 2317 995 2373 ὄμβριμον
1018 2317 1139 2371 ὕδωρ,
1369 2327 1436 2362 519
