1619 2556
119 95 251 127 xxm.
272 94 354 127 ΕΙΣ
371 93 464 126 AIA.
497 93 629 126 XXIV.
649 93 732 126 ΕΙΣ
749 92 940 125 ΕΣΤΙΑΝ.
968 92 1080 124 XXV.
1104 91 1186 123 ΕΙΣ
1204 90 1356 124 ΜΟΤΣ.
1395 81 1445 119 75

692 212 867 256 XXIII.

629 307 658 337 E
682 306 698 337 1
718 305 747 337 Σ
793 309 822 336 Δ
846 305 863 337 1
883 305 930 337 A.

218 402 338 456 Ζῆνα
358 403 482 443 θεῶν
500 398 577 443 τὸν
596 398 776 454 ἄριστον
794 397 994 455 άείσομαι
1014 396 1091 455 ἠδὲ
1111 400 1329 455 μέγιστον,

119 464 312 522 εὐρύοπα
325 502 335 522 ,
365 472 589 522 κρείοντα,
621 466 910 524 τελεσφόρον,
940 465 1039 510 ὅστε
1060 468 1239 523 Θέμιστι

118 533 321 590 ἐγκλιδὸν
340 536 516 593 ἑζομένῃ
537 534 750 586 πυκινοὺς
770 532 926 590 ὀάρους
945 532 1117 590 ὀαρίζει.

206 599 367 659 “unffi
398 600 593 658 εὐρύοπα
612 606 809 659 Κρονίδη
822 638 831 655 ,
861 602 1056 657 κύδιστε,
1087 602 1272 658 μέγιστε.

707 805 874 846 XXIV.

605 897 699 929 ΕΙΣ
733 896 961 929 Exn-AN.

211 987 354 1046 Ἐστίη
366 1025 376 1041 ,
408 988 481 1046 ἤτε
501 989 687 1042 ἄνακτος
705 989 972 1042 ’Λπόλλωνος
990 991 1157 1035 ἑκάτοιο

117 1062 270 1102 Πυθοῖ
289 1060 337 1101 ἐν
355 1055 525 1115 ἠγαθέῃ
547 1057 666 1115 ἱερὸν
686 1058 821 1116 δόμον
839 1057 1165 1116 ἀμφιπολεύεις,

117 1126 203 1169 αἰεὶ
221 1128 313 1169 σῶν
331 1125 569 1183 πλοκάμων
589 1124 867 1184 ἀπολείβεται
886 1124 1025 1183 ὑγρὸν
1044 1131 1210 1171 ἔλαιον·

118 1197 239 1249 ἔρχεο
259 1191 384 1238 τόνδ’
403 1191 488 1238 ἀνὰ
510 1194 655 1247 οἶκον,
687 1196 864 1251 έπέρχεο
886 1193 1152 1252 εὐμενέουσα

118 1259 200 1304 σὺν
219 1265 302 1306 Διῒ
317 1261 558 1319 μητιόεντι·
582 1262 710 1318 χάριν
731 1261 773 1307 δ’
794 1261 871 1319 ἅμ’
892 1260 1087 1307 ὄπασσον
1106 1260 1248 1320 ἀοιδῇ.
1428 1274 1448 1306 5

713 1471 860 1513 XXV.

420 1562 502 1594 ΕΙΣ
528 1562 733 1595 ΜΟΤΣΑΣ
758 1563 840 1596 KAI
864 1562 1151 1596 ΑΠΟΛΛῼΝΑ.

220 1659 449 1701 Μουσάων
468 1655 665 1715 ἄρχωμαι
683 1655 953 1709 Ἀπόλλωνός
972 1676 1016 1701 τε
1037 1657 1146 1709 Διός
1164 1676 1210 1703 τε
1224 1677 1232 1685 ·

119 1726 167 1768 ἐκ
185 1723 268 1781 γὰρ
293 1725 522 1769 Μουσάων
541 1726 614 1769 καὶ
635 1725 848 1783 ἑκηβόλου
865 1723 1133 1777 ’Λπόλλωνος

119 1790 278 1847 ἄνδρες
297 1790 440 1837 ἀοιδοὶ
458 1798 581 1838 ἔασιν
601 1794 671 1838 ἐπὶ
690 1795 819 1849 χθονὶ
840 1794 913 1838 καὶ
933 1799 1199 1850 κιθαρισταί,

120 1861 168 1904 ἐκ
188 1861 234 1904 δὲ
256 1859 363 1912 Διὸς
382 1863 604 1918 βασιλῆες·
642 1857 665 1903 ὃ
687 1859 730 1905 δ’
752 1859 922 1918 ὄλβιος,
954 1859 1104 1906 ὅντινα
1123 1865 1300 1906 Μοῦσαι

120 1932 356 1982 φίλωνται·
378 1928 569 1986 γλυκερή
588 1931 632 1972 οἱ
648 1926 732 1972 ἀπὸ
752 1928 962 1986 στόματος
984 1931 1072 1986 ῥέει
1093 1928 1217 1986 αὐδή.
1432 1942 1451 1973 5

219 2000 403 2052 Χαίρετε
418 2032 428 2051 ,
459 1999 590 2041 τέκνα
609 1996 736 2048 Διὸς.
766 1999 838 2042 καὶ
858 1995 965 2055 ἐμὴν
983 1995 1182 2055 τιμήσατ’
1210 1995 1384 2053 ἀοιδήν·

122 2060 257 2119 αὐτὰρ
277 2062 391 2120 ἐγών
410 2062 558 2121 ὑμέων
577 2082 623 2108 τε
643 2066 716 2109 καὶ
736 2063 867 2122 ἄλλης
886 2063 1074 2122 μνήσομ’
1096 2064 1256 2122 ἀοιδῆς.
