1619 2556
276 91 329 131 96
689 102 1188 138 BATPAXOMTOMAXJA.

277 206 510 264 δευόμεναι
531 206 578 250 δὲ
601 211 742 262 τρίχες
761 212 965 251 πλεῖστον
984 208 1116 264 βάρος
1135 202 1246 264 ἦσαν
1267 208 1336 254 ἐπ’
1358 208 1496 271 αὐτῷ·

277 273 439 319 ὕστατα
460 271 503 319 δ’
523 271 759 330 ὀλλύμενος
777 280 922 326 τοίους
942 277 1183 332 ἐφθέγξατο
1200 277 1392 334 μύθους·

362 340 429 386 Οὐ
449 341 593 399 λήσεις
614 344 790 397 δολίως,
821 347 1101 400 Φυσίγναθε,
1129 347 1264 389 ταῦτα
1283 345 1477 404 ποιήσας,

276 409 472 491 ναυηγὸν
493 412 623 466 ῥίψας
644 407 727 453 ἀπὸ
747 408 963 466 σώματος,
993 408 1049 462 ὠς
1068 409 1152 455 απὸ
1172 414 1341 493 πέτρης.

275 475 355 522 οὐκ
375 476 432 521 ἄν
449 495 534 535 μου
553 475 662 521 κατὰ
681 488 813 533 γαῖαν
831 476 1025 534 ἀμείνων
1044 472 1181 536 ἦσθα,
1211 480 1399 526 κάκιστε
1559 492 1602 526 95

276 551 529 604 παγκρατίῳ
550 553 595 588 τε
615 544 731 602 παλῃ
749 564 794 590 τε
814 547 886 590 καὶ
907 552 967 598 εἰς
987 546 1168 604 δρόμον·
1201 545 1308 592 ἀλλὰ
1328 555 1383 593 πλ
1387 549 1548 606 ανήσας

276 618 337 664 είς
356 611 478 668 ὕδωρ
498 610 544 669 μ’
569 617 760 668 ἔρριψας.
810 618 895 670 ἔχει
914 613 1018 666 θεὸς
1038 618 1212 659 ἔκδικον
1230 613 1357 672 ὄμμα.

276 680 294 701 *
314 675 342 738 ἦ
361 680 519 738 ποινὴν
539 686 671 732 τίσεις
693 679 748 724 σὺ
770 684 895 737 μυῶν
915 685 1106 740 στρατῷ,
1135 680 1237 726 οὐδ’
1257 680 1500 737 ὑπαλύξεις.

349 746 428 801 ‘¹533
449 749 585 794 εἰπών
605 747 881 793 ἀπέπνευσεν
900 748 975 806 ἐφ’
996 749 1125 794 ὕδατι
1139 763 1148 772 ·
1177 749 1254 794 τὸν
1274 751 1320 794 δὲ
1339 754 1541 796 κατεῖδεν

274 820 537 874 Λειχοπίναξ
557 814 746 874 ὄχθῃσιν
768 817 1022 874 ἐφεζόμενος
1042 821 1305 875 μαλακῇσιν·
1542 832 1600 862 100

277 884 426 929 δεινὸν
447 884 491 929 δ’
513 883 758 939 ἐξολόλυξε,
790 884 968 942 δραμών
989 889 1016 930 δ
1023 883 1031 898 ’
1054 884 1226 941 ἤγγειλε
1246 885 1438 942 μύεσσιν.

276 950 332 1004 ὡς
353 951 396 997 δ’
418 959 588 1009 ἔμαθον
607 951 687 1009 τὴν
707 963 885 1009 μοῖραν,
915 957 992 998 ἔδυ
1015 954 1139 1009 χόλος
1158 951 1277 1004 αἰνὸς
1296 951 1500 1006 ἅπαντας.

274 1022 345 1065 καὶ
365 1020 460 1065 τότε
481 1020 746 1078 κηρύκεσσιν
765 1023 850 1072 ἑοῖς
875 1023 1130 1066 ἐκέλευσαν.
1158 1017 1237 1064 ὑπ’
1257 1019 1424 1076 ὄρθρον

274 1089 510 1145 κηρύσσειν
530 1087 744 1146 ἀγορήνδ’
766 1091 808 1140 ἐς
829 1088 1005 1146 δώματα
1031 1088 1300 1145 Τρωξάρταο.

274 1157 434 1213 πατρὸς
456 1156 675 1213 δυστήνου
700 1156 1005 1213 Ψιχάρπαγος,
1036 1154 1082 1208 ὃς
1101 1155 1209 1200 κατὰ
1230 1161 1387 1213 λίμνην
1540 1169 1599 1201 105

273 1223 428 1276 ὕπτιος
448 1224 665 1281 ἐξήπλωτο
686 1223 844 1280 νεκρὸν
865 1227 1017 1281 δέμας,
1047 1223 1150 1269 οὐδὲ
1169 1221 1275 1279 παρ’
1296 1221 1449 1280 ὄχθαις

273 1286 328 1349 ἦν
347 1291 403 1350 ἥδ
409 1312 430 1349 η
450 1292 645 1349 τλήμων,
681 1294 824 1352 με’σσω
847 1290 890 1336 δ’
913 1291 1141 1348 ἐπενήχετο
1161 1291 1318 1349 πόντῳ.

274 1358 330 1412 ὡς
351 1359 392 1405 δ’
413 1354 554 1417 ἦλθον
574 1358 876 1412 σπεύδοντες
857 1358 934 1416 αμ’
955 1358 1045 1416 ἠοῖ,
1074 1363 1240 1414 πρῶτος
1261 1358 1417 1415 ἀνέστη

281 1428 534 1485 Τρωξαρτης
555 1430 623 1473 ἐπὶ
645 1428 770 1472 παιδὶ
789 1427 1070 1513 χολούμενος,
1099 1427 1196 1472 εἶπέ
1211 1445 1256 1471 τε
1275 1429 1441 1483 μῦθον·

353 1498 402 1539 Ὠ
416 1501 552 1551 φίλοι,
575 1501 613 1540 εἰ
631 1497 703 1540 και
722 1499 882 1552 μοῦνος
898 1495 981 1552 ἐγώ
997 1494 1107 1539 κακὰ
1122 1493 1258 1539 πολλὰ
1278 1493 1520 1538 πεπόνθειν
1540 1506 1598 1537 110

273 1567 320 1608 ἐκ
339 1563 592 1642 βατραχων,
622 1558 648 1620 ἦ
667 1574 797 1619 πεῖρα
817 1562 927 1620 κακὴ
947 1578 1154 1608 παντεσσι
1172 1564 1382 1607 τέτυκται.

273 1633 360 1688 εἰμὶ
380 1632 428 1676 δε
449 1635 532 1675 νῦν
552 1630 762 1682 ἐλεεινὸς.
793 1633 885 1676 ἐπεὶ
904 1642 1019 1686 τρεῖς
1037 1634 1195 1682 παῖδας
1213 1628 1381 1673 ὅλεσσα.

272 1700 344 1744 καὶ
365 1698 441 1743 τὸν
460 1700 540 1757 μὲν
559 1699 734 1754 πρῶτόν
756 1718 804 1755 γε
825 1702 1087 1744 κατέκτανεν
1105 1696 1328 1754 ἁρπάξασα

273 1772 471 1824 ἔχθιστος
491 1769 622 1824 γαλέη
635 1802 645 1821 ,
674 1767 867 1823 τρώγλης
887 1772 1095 1812 ἔκτοσθεν
1114 1769 1280 1810 ἑλοῦσα.

271 1833 348 1879 τὸν
370 1834 413 1879 δ’
435 1833 569 1879 ἄλλον
589 1834 722 1879 πάλιν
741 1833 898 1889 ἄνδρες
917 1833 1101 1892 ἀπηνέες
1121 1836 1162 1885 ἐς
1180 1832 1315 1890 μόρον
1335 1830 1479 1885 εἶλξαν
1535 1844 1596 1876 115

271 1905 543 1958 καινοτέραις
563 1905 731 1959 τέχναις
753 1903 929 1957 ξύλινον
950 1902 1079 1947 δόλον
1099 1900 1358 1955 ἐξευρόντες

270 1968 324 2027 ἣν
345 1975 509 2027 παγίδα
528 1973 754 2025 καλέουσι,
785 1974 911 2028 μυῶν
930 1968 1152 2026 ὀλέτειραν
1172 1971 1341 2013 ἐοῦσαν.

271 2035 295 2081 ὃ
312 2045 453 2093 τρίτος
473 2032 548 2095 ἦν
579 2037 798 2095 ἀγαπητὸς
819 2040 911 2094 ἐμοὶ
931 2039 1003 2082 καὶ
1022 2039 1172 2094 μητέρι
1191 2038 1328 2080 κεδν
1289 2053 1340 2092 ῃ,

271 2109 427 2150 τοῦτον
445 2103 681 2158 απέπνιξεν
703 2110 909 2162 Φυσίιγνα
906 2115 986 2156 θος
1006 2108 1048 2156 ἐς
1067 2102 1212 2162 βυθὸν
1230 2101 1344 2156 ἄξας-

271 2171 368 2218 ἆλλ’
388 2171 518 2230 ἄγεθ’
540 2171 839 2230 ὁπλισόμεσθα
858 2175 931 2217 καὶ
951 2175 1196 2229 ἐξέλθωμεν
1214 2168 1284 2215 ἐπ’
1304 2167 1462 2220 αὐτούς
1534 2180 1594 2212 120

271 2244 447 2298 σώματα
467 2241 760 2297 κοσμήσαντες
782 2244 828 2286 ἐν
848 2246 987 2286 ἔντεσι
1009 2241 1314 2284 δαιδαλέοισιν.

361 2306 493 2353 Ταῦτ’
519 2307 655 2353 εἰπών
674 2307 876 2353 ἀνέπεισε
896 2303 1240 2361 καθοπλίζεσθαι
1259 2304 1463 2355 ἅπαντας.
