1619 2556
185 125 208 160 6
521 134 547 165 1.
584 133 662 164 ΕΙΣ
687 132 954 165 ΑΠΟΛΛΩΝΑ
985 134 1180 166 AHMON.

185 234 329 293 βωμὸς
350 237 423 281 καὶ
447 237 622 291 τέμενος
635 271 645 289 ‚
673 242 782 281 τίσει
802 239 852 281 δέ
867 238 920 281 σέ
934 235 979 293 γ’
1002 239 1124 294 ἔξοχα
1145 237 1332 283 πάντων.

286 302 437 359 Λύτὰρ
458 305 556 348 ἐπεί
572 302 614 360 ῥ’
635 302 792 361 ὄμοσέν
811 323 855 348 τε
875 304 1132 362 τελεύτησέν
1152 323 1195 349 τε
1217 304 1292 350 τὸν
1313 303 1458 361 ὅρκων.

185 375 327 429 Δῆλος
345 372 425 429 μὲν
444 371 558 428 μάλα
576 383 699 429 χαῖρε
718 375 840 430 γωνῇ
859 371 1026 417 ἑκάτοιο
1048 371 1254 425 ἄνακτος·
1465 383 1511 419 90

184 439 310 498 Λητὼ
332 437 375 484 δ’
398 439 589 496 ἐννῆμάρ
611 458 655 484 τε
675 441 747 484 καὶ
766 443 893 485 ἐννέα
912 439 1073 492 νύκτας
1093 439 1290 493 ἀέλπτοις

183 506 385 553 ὠδίνεσσι
406 509 611 565 πέπαρτο.
647 510 749 552 θεαὶ
771 507 812 552 δ’
837 513 940 552 ἕσαν
959 511 1114 553 ἔνδοθι
1134 512 1281 554 πᾶσαι.

183 575 307 620 ὅσσαι
332 574 502 631 ἄρισται
522 581 637 621 ἔασι.
669 574 822 633 Διώνη
841 594 886 620 τε
907 574 1017 633 Ῥείη
1037 595 1082 620 τε

182 645 336 701 ’Ῑχναίη
356 662 401 688 τε
422 645 552 700 Θέμις
573 645 644 688 καὶ
662 642 899 699 ἀγάστονος
916 641 1182 701 Ἀμφιτρίτη.

183 712 308 757 ἄλλαι
328 710 368 756 τ’
390 709 630 767 ἀθάναται,
659 711 821 768 νόσφιν
840 710 1260 770 λευκωλένουἽΙρης
1273 727 1281 736 ·
1468 723 1511 757 95

183 780 322 838 μούνη
344 777 387 824 δ’
408 778 487 824 οὐκ
508 781 722 824 ἐπέπυστο
742 780 1004 837 μογοστόκος
1023 785 1279 825 Εἰλείθυια·
1467 788 1509 825 97

183 863 285 905 ηστο
305 866 386 905 γαρ
406 847 525 906 ἄκρῳ
542 845 744 907 Ὀλύμπῳ
765 845 848 892 ὑπὸ
869 849 1088 904 χρυσέοισι
1108 850 1330 904 νέφεσσιν.

175 914 308 973 Ἠρης
328 915 617 998 φραδμοσύνῃ
637 918 934 963 λευκωλένου.
964 913 992 973 ἥ
1009 934 1086 973 μιν
1105 921 1232 972 ἔρυκε

183 983 394 1042 ζηλοσύνη
407 1020 416 1038 ‚
445 982 512 1028 ὅτ’
533 982 587 1039 άρ
596 981 725 1028 ὐἱὸν
743 981 944 1042 ἀμύμονά
964 1002 1010 1028 τε
1028 984 1242 1041 κρατερόν
1261 1003 1306 1029 τε
1447 996 1511 1030 100

184 1051 310 1110 Λητώ
328 1054 528 1106 τέξεσθαι
548 1050 894 1110 καλλιπλόκαμος
912 1049 1003 1096 τότ’
1025 1057 1215 1109 ἔμελλεν.

283 1127 344 1166 Αἵ
362 1118 403 1165 δ’
417 1114 523 1175 Ἶριν
541 1119 835 1178 προῦπεμψαν
855 1121 1109 1178 ἐϋκτιμένης
1127 1117 1211 1165 άπὸ
1231 1119 1381 1178 νήσου.

182 1187 337 1246 άξέμεν
355 1193 638 1243 Εἰλείθυιαν,
667 1185 963 1245 ὑποσχόμεναι
981 1190 1122 1245 μέγαν
1140 1186 1290 1246 ὅρμον,

182 1256 386 1314 χρύσεον.
416 1254 688 1337 ἠλέκτροισιν
708 1259 933 1313 ἐερμένον,
964 1256 1259 1314 ἐννεάπηχυν·

183 1325 341 1381 νόσφιν
362 1322 403 1369 δ’
424 1342 598 1381 ηνωγον
617 1327 790 1370 καλέειν
809 1325 1084 1369 λευκωλένου
1091 1322 1240 1382 Ήρης,
1449 1337 1511 1370 105

181 1413 238 1451 μη
257 1411 333 1451 μιν
352 1390 486 1438 ἒ’πειτ
511 1395 711 1437 ἐπέεσσιν
731 1390 1048 1448 ἀποστρέψειεν
1066 1396 1233 1437 ἰοῦσαν.

181 1460 318 1517 αυτὰρ
339 1462 432 1506 ἐπεὶ
451 1458 544 1517 τόγ’
566 1459 725 1506 άκουσε
746 1459 990 1518 ποδήνεμος
1010 1458 1123 1505 ὠκέα
1140 1462 1254 1516 Ἰρις,

182 1533 238 1587 βη
258 1548 312 1585 ρα
331 1531 479 1573 θέειν.
508 1531 670 1586 ταχέως
691 1529 737 1574 δὲ
758 1528 939 1586 διήνυσε
958 1531 1048 1572 πᾶν
1065 1527 1113 1572 τὸ
1132 1528 1310 1586 μεσηγύ.

182 1596 319 1653 αὐτὰρ
340 1600 436 1642 ἐπεί
454 1595 495 1651 ῥ’
516 1600 641 1641 ἵκανε
660 1599 781 1641 θεῶν
801 1600 920 1652 ἕδος,
947 1594 1329 1654 αίπύνὍλυμπον,

182 1663 326 1710 αὐτίκ’
348 1662 419 1719 ἄρ’
440 1669 702 1709 Εἰλείθυιαν
723 1663 832 1709 άπὲκ
851 1663 1057 1722 μεγάροιο
1076 1663 1240 1721 θύραζε
1447 1676 1509 1708 110

182 1734 616 1790 ἐκπροκαλεσσαμένη
646 1738 750 1778 ἔπεα
770 1732 1006 1787 πτερόεντα
1026 1731 1267 1789 προσηύδα.

182 1801 322 1846 πάντα
341 1799 461 1857 μάλ’.
493 1798 548 1851 ὡς
568 1803 799 1846 ἐπέτελλον
816 1798 1026 1857 Ὀλύμπια
1048 1798 1215 1858 δώματ’
1237 1806 1422 1856 ἔχουσαι.

182 1888 232 1926 τη
255 1867 299 1913 δ’
321 1867 404 1924 α’ρα
423 1867 571 1925 θυμὸν
592 1874 773 1914 ἔπειθεν
793 1870 857 1913 ε’νὶ
877 1867 1087 1924 στήθεσσι
1106 1873 1294 1949 φίλοισι·

182 1937 266 1993 βὰν
286 1937 332 1981 δε
352 1937 453 1981 ποσὶ
473 1951 662 1993 τρηρωσι
682 1936 905 1981 πελειάσιν
925 1933 1087 1993 ἴθμαθ’
1108 1933 1264 1993 ὁμοῖαι.

183 2002 275 2049 ευτ’
297 2006 367 2049 ἐπὶ
386 2003 536 2060 Δήλου
556 2009 702 2061 ἔβαινε
721 2003 984 2062 μογοστόκος
1003 2008 1252 2056 Εἰλείθυια,
1446 2014 1505 2048 115

183 2071 236 2130 δὴ
255 2072 350 2117 τότε
368 2070 448 2129 τὴν
467 2071 589 2123 τόκος
611 2069 722 2127 εἷλε,
753 2077 1012 2129 μενοίνησεν
1034 2071 1080 2115 δε
1101 2073 1316 2116 τεκέσθαι.

181 2139 292 2198 αμφὶ
313 2140 359 2185 δὲ
380 2145 547 2196 φοίνικι
567 2140 673 2196 βάλε
694 2139 845 2197 πήχεε.
869 2141 1008 2197 γοῦνα
1029 2136 1074 2182 δ’
1096 2143 1233 2193 ἔρεισε

181 2211 359 2254 λειμῶνι
379 2211 578 2265 μαλακῷ·
608 2212 786 2264 μείδησε
812 2208 858 2252 δὲ
877 2204 969 2263 γαῖ’
989 2203 1259 2260 ὑπένερθεν·

182 2336 270 2396 ἧστο
292 2341 365 2399 γὰρ
387 2346 427 2386 ἐν
446 2344 643 2400 μεγάροισι
674 2352 767 2396 Διος
788 2345 1094 2399 νεφεληγερέταο.
1460 2355 1506 2390 96
