1619 2556
148 93 171 131 8
479 103 506 136 1.
540 102 620 135 ΕΙΣ
648 100 919 134 ΑΠΟΛΛῼΝΑ
942 101 1140 134 ΔΗΛῙΟΝ.

148 212 256 264 φαίη
276 206 318 251 κ’
341 205 591 258 ἀθανάτους
612 208 684 250 καὶ
702 204 873 263 άγήρως
894 211 1073 262 ἔμμεναι
1093 207 1192 258 αἰεὶ,

147 273 193 327 ὃς
212 274 301 320 τότ’
324 272 608 329 ἐπαντιάσει’,
639 272 705 318 ὅτ’
723 271 880 325 Ἰάονες
898 271 1056 330 ἀθρόοι
1077 273 1184 318 εἶεν·

148 343 325 388 πάντων
344 343 426 401 γάρ
447 362 524 388 κεν
543 346 679 387 ἴδοιτο
698 342 847 399 χάριν,
878 344 1082 398 τέρψαιτο
1105 342 1151 387 δὲ
1170 349 1318 400 θυμον

148 411 312 468 ἄνδρας
331 410 372 455 τ’
395 411 604 468 εἰσορόων
622 410 913 465 καλλιζώνους
932 428 977 455 τε
997 420 1223 466 γυναῖκας,

148 480 253 537 νῆάς
272 478 313 524 τ’
336 478 491 532 ὠκείας
511 477 582 536 ἠδ’
604 477 750 524 αὐτῶν
770 479 962 536 κτήματα
983 477 1132 522 πολλοὶ.
1416 491 1478 523 155

147 548 254 605 πρὸς
275 549 343 603 δὲ,
374 548 474 592 τόδε
493 550 603 605 μέγα
621 550 774 604 θαῦμα
787 582 797 597 .,
824 546 903 591 ὅου
923 548 1045 598 κλέος
1064 544 1219 590 οὔποτ’
1241 544 1418 592 ὀλεῖται.

147 620 302 673 κοῦραι
320 616 540 674 Δηλιάδες
554 651 564 671 ,
587 614 923 672 Ἑκατηβελέταο
942 614 1163 670 θεράπναι
1175 628 1184 636 ·

148 683 234 730 αἴτ’
258 687 350 729 ἐπεὶ
371 682 424 740 ἂρ
445 688 619 741 πρῶτον
639 684 719 741 μὲν
737 681 974 727 Ἀπόλλων’
996 681 1265 740 ὑμνήσωσιν,

147 747 270 804 αὖτις
291 751 332 797 δ’
354 747 412 797 αὖ
438 751 566 809 Λητω’
586 770 631 796 τε
653 750 938 808 καὶ”Αρτεμιν
958 755 1179 808 ἰοχέαιραν

146 821 418 878 μνησάμεναι
443 819 620 878 ἀνδρῶν
639 838 684 864 τε
704 823 902 864 παλαιῶν
926 818 998 877 ἠδὲ
1018 822 1242 876 γυναικῶν
1418 829 1480 865 160

148 888 287 946 ὕμνον
307 887 555 945 ἀείδουσιν,
584 890 795 945 θέλγουσι
816 888 862 932 δὲ
885 885 991 944 φῦλ’
1013 886 1278 943 ἀνθρώπων.

148 957 326 1002 πάντων
348 956 390 1002 δ’
411 955 666 1014 ἀνθρώπων
686 955 837 1013 φωνὰς
856 958 928 1000 καὶ
948 955 1301 1013 κρεμβαλιαστύν

148 1024 347 1083 μιμεῖσθ’
370 1033 538 1071 ἴσασιν
577 1031 684 1082 φαίη
706 1027 758 1070 δέ
773 1042 850 1068 κεν
871 1022 1001 1075 αὐτὸς
1020 1026 1195 1075 ἕκαστος

149 1092 398 1151 φθέγγεσθ’
415 1108 423 1116 ·
461 1093 576 1138 οὕτω
596 1109 704 1150 σφιν
725 1091 835 1149 καλὴ
855 1092 1105 1149 συνάρηρεν
1123 1090 1262 1149 ἀοιδή.

247 1160 354 1206 Ἀλλ’
376 1161 507 1219 ἄγεθ’
530 1161 667 1219 ἱλήκοι
687 1161 767 1219 μὲν
785 1159 1007 1205 Ἀπόλλων
1024 1158 1238 1218 Ἀρτέμιδι
1258 1160 1352 1216 ξὺν,
1420 1170 1478 1206 165

149 1236 317 1286 χαίρετε
340 1228 383 1275 δ’
404 1229 528 1287 ὑμεῖς
548 1234 702 1275 πᾶσαι·
734 1232 850 1287 ἐμεῖο
872 1229 918 1273 δὲ
939 1231 1010 1273 καὶ
1029 1228 1268 1286 μετόπισθε

147 1295 386 1355 μνήσασθ’
413 1296 575 1343 ὁππότε
596 1301 672 1343 κέν
691 1316 754 1349 τις
775 1300 1042 1354 ἐπιχθονίων
1064 1295 1318 1353 ἀνθρώπων

149 1365 306 1412 ἐνθάδ’
328 1364 553 1424 ἁνείρηται
574 1370 713 1420 ξεῖνος
732 1371 1008 1421 ταλαπείριος
1027 1365 1196 1410 ε’λθων·

151 1453 180 1479 ω
203 1438 378 1493 κοῦραι,
413 1441 475 1486 τίς
500 1433 542 1480 δ’
564 1433 701 1492 ὔμμιν
721 1432 831 1492 ἀνὴρ
855 1433 1029 1492 ἥδιστος
1048 1431 1212 1478 άοιδῶν

151 1503 311 1548 ἐνθάδε
333 1510 564 1558 πωλεῖται,
594 1505 665 1547 καὶ
685 1505 767 1548 τέω
787 1505 1001 1559 τέρπεσθε
1023 1502 1228 1559 μάλιστα;
1416 1511 1480 1546 170

151 1570 272 1629 ὑμεῖς
294 1570 336 1616 δ’
358 1566 409 1616 εὖ
428 1571 543 1629 μάλα
563 1575 697 1616 πᾶσαι
717 1569 1014 1627 ὑποκρίνασθ’
1037 1568 1262 1628 εὐφήμως·

150 1639 311 1696 τυφλὸς
330 1638 463 1697 ἀνὴρ,
493 1645 603 1685 οἰκεῖ
625 1641 671 1684 δὲ
692 1645 785 1699 Χίῳ
807 1645 870 1685 ἔνι
891 1641 1207 1696 παιπαλοέσσῃ,

149 1711 226 1752 τοῦ
246 1726 327 1764 περ
352 1710 419 1753 καὶ
442 1707 709 1765 μετόπισθεν
732 1707 1066 1764 ἀριστεύσουσιν
1085 1705 1242 1751 ἀοιδαί.

152 1774 270 1833 ἡμεῖς
292 1775 334 1821 δ’
355 1774 564 1833 ὑμέτερον
583 1778 705 1828 κλέος
726 1784 921 1834 οἴσομεν,
954 1774 1085 1820 ὅσσον
1105 1771 1176 1820 ἐπ’
1196 1773 1299 1819 αἶαν

150 1843 402 1901 ἀνθρώπων
421 1844 729 1901 στρεφόμεσθα
751 1845 895 1896 πόλεις
917 1838 966 1889 εὖ
987 1841 1274 1894 ναιεταώσας·
1418 1853 1479 1888 175

150 1918 194 1957 οῖ
210 1911 251 1957 δ’
274 1915 342 1958 ἐπὶ
365 1911 418 1970 δὴ
437 1920 684 1965 πεί,σονται
708 1915 802 1958 ἐπεὶ
822 1933 894 1957 και
915 1910 1129 1969 ἐτήτυμόν
1148 1913 1276 1956 ἐστιν.

151 1978 287 2036 αὐτὰρ
308 1980 422 2038 ἐγών
441 1980 493 2025 οὐ
513 1981 624 2039 λήξω
648 1981 859 2039 ἑκηβόλον
877 1980 1126 2025 Ἀπόλλωνα

153 2046 325 2106 ὑμνέων
343 2047 658 2106 ἀργυρότοξον,
688 2048 739 2094 ὃν
756 2048 945 2108 ἠΰκομος
965 2050 1061 2093 τέκε
1082 2045 1218 2104 Λητώ.
