1619 2556
203 123 255 164 88
287 135 338 167 XI
378 133 509 166 ΠΡΟΣ
532 133 782 167 ΓΛΑΤΚΟΝ.
817 135 898 167 ΧΠ.
926 134 1058 168 ΠΡΟΣ
1080 136 1182 168 ΤΗΝ
1205 136 1398 169 OEPEIAN
1418 144 1487 169 eze.

832 256 914 298 XI.

479 347 612 381 ΠΡΟΣ
636 347 873 381 PAATKON
897 348 996 382 'roN
1018 348 1253 382 AmOAoN.

303 447 498 498 Γλαῦκε,
519 446 663 500 βοτῶν
682 445 887 498 ε’πίοπτα,
909 448 1009 494 ἔπος
1028 449 1073 488 τί
1088 461 1154 487 τοι
1173 445 1221 487 ἐν
1240 445 1371 500 φρεσὶ
1388 442 1534 501 θήσω·

201 529 375 568 πρωτον
394 512 475 569 μὲν
493 511 594 555 κυσι
614 514 797 555 ὀεῑπνον
816 509 885 556 ἐπ’
907 509 1105 568 αὕλείησι
1123 510 1318 569 θύρῃσιν

202 584 378 624 δοῦναι·
406 578 490 630 τως
509 577 593 636 γὰρ
612 577 815 636 ἄμεινον·
845 578 869 623 ὃ
887 578 969 636 γὰρ
991 581 1064 624 καὶ
1088 582 1263 635 πρῶτον
1281 578 1431 624 ακούει

201 647 363 704 ανὸρός
384 649 676 704 ἐπερχομένου
695 648 809 692 καὶ’
788 666 830 699 ες
851 650 978 704 ἕρκεα
996 645 1136 704 θηρὸς
1155 647 1308 700 ἰόντος.

813 856 918 899 XII.

486 948 619 981 ΠΡΟΣ
644 949 745 982 ΤΗΝ
770 949 967 982 OEPEIAN
990 949 1056 982 EN
1079 948 1247 983 ΣΑΜῼῙ.

300 1047 454 1089 Κλῦθί
467 1061 541 1101 μοι
560 1041 781 1102 εὐχομένω
795 1077 807 1099 ,
836 1043 1106 1100 κουροτρόφε
1119 1078 1130 1097 ,
1160 1042 1234 1094 δὸς
1255 1043 1303 1088 δὲ
1321 1055 1510 1101 γυναῖκα

198 1112 327 1169 τήνδε
347 1114 462 1157 νέων
479 1112 560 1170 μὲν
578 1109 828 1168 ἀνήνασθαι
849 1111 1060 1169 φιλότητα
1080 1112 1151 1156 καὶ
1171 1108 1320 1169 εὐνήν·

199 1178 224 1237 ἡ
245 1178 286 1224 δ’
311 1182 613 1236 ἐπιτερπέσθω
634 1179 1018 1235 πολιοκροτάφοισι
1044 1182 1263 1236 γέρουσιν,

198 1242 262 1292 ὧν
282 1246 373 1305 ὥρη
392 1249 474 1305 μὲν
490 1246 796 1305 ἀπήμβλυνται
809 1283 818 1299 ,
839 1246 982 1304 θυμὸς
1003 1249 1049 1292 δὲ
1070 1250 1263 1307 μενοινᾷ.

800 1456 930 1498 ΧΙΙΙ.

522 1549 603 1581 ΕΙΣ
631 1547 783 1581 ΟΠΞΟΝ
806 1547 907 1581 ΤΩΝ
933 1547 1207 1581 ΦΡΑΤΟΡΩΝ.

295 1643 473 1701 Ἀνδρος
492 1644 573 1701 μὲν
592 1645 808 1699 στέφανος
828 1646 1003 1694 παῖδες,
1034 1642 1193 1699 πύργοι
1213 1642 1261 1687 δὲ
1281 1643 1453 1701 πόληος,

195 1717 323 1758 ἵπποι
345 1710 389 1756 δ’
410 1715 459 1756 ἐν
478 1715 617 1771 πεὸιῳ
637 1710 818 1767 κόσμος,
848 1714 949 1768 νῆες
969 1711 1016 1754 δὲ
1035 1709 1274 1767 θαλάσσης,

194 1780 391 1838 χρήματα
413 1778 453 1824 δ’
474 1777 597 1833 αὔξει
617 1778 740 1822 οἷκον
753 1814 763 1834 ,
793 1777 901 1834 ἀτὰρ
921 1780 1099 1835 γεραροὶ
1118 1781 1324 1836 βασιλῆες

194 1847 346 1906 ἥμενδι
368 1853 433 1892 εἰν
453 1845 613 1905 ἀγορῇ,
642 1846 801 1904 κόσμος
821 1845 862 1890 τ’
884 1845 1082 1891 ἄλλοισιν
1101 1844 1313 1903 ὁρᾶσθαι·

194 1918 437 1973 αἰθομένου
460 1916 506 1960 δὲ
527 1913 664 1972 πυρὸς
682 1914 980 1971 γεραρώτερος
999 1914 1117 1965 οἶκος
1139 1915 1315 1958 ἰδέσθαι

194 1983 324 2042 ἤματι
343 1989 571 2043 χειμερίῳ,
601 1979 726 2027 ὁπότ’
748 1980 804 2027 ἂν
825 1987 976 2040 νίφῃσι
998 1986 1215 2038 Κρονίων.
