1619 2556
168 103 219 142 44
580 111 641 143 lv.
674 110 753 143 ΕΙΣ
777 109 1073 143 ΑΦΡΟΔΙΤΗΝ.

169 219 214 261 oc
235 218 287 261 δέ
301 217 354 261 κε’
371 234 438 261 τοι
457 214 620 273 χρυσόν
638 232 682 258 τε
702 213 796 265 ἅλις
817 212 979 270 ἐσθῆτά
997 212 1048 258 θ’
1068 212 1271 272 ὑφαντὴν

171 286 435 342 πέμψουσιν·
465 282 519 327 σὺ
540 283 586 328 δὲ
605 281 742 327 πολλὰ
762 282 834 326 καὶ
853 280 992 338 ἀγλαὰ
1013 284 1167 339 δέχθαι
1187 281 1358 328 ἄποινα.
1430 292 1495 329 140

170 355 304 397 ταῦτα
325 352 373 397 δὲ
393 351 572 409 ποιήσας
593 354 721 396 δαίνυ
739 349 879 407 γάμον
899 349 1140 407 ἱμερόεντα,

171 426 312 477 τίμιον
331 418 607 478 ἀνθρώποισι
625 420 697 464 καὶ
716 417 974 463 ἀθανάτοισι
993 425 1176 464 θεοῖσιν.

263 486 341 540 ‘¹523
362 491 541 534 εἰποῦσα
561 486 646 532 θεὰ
664 486 833 544 γλυκὺν
852 490 1005 544 ἵμερον
1024 492 1182 545 ἔμβαλε
1201 489 1344 547 θυμῷ.

168 555 368 614 Ἀγχίσην
389 555 432 602 δ’
454 562 548 614 ἔρος
569 551 707 611 εἷλεν,
738 560 838 607 ἔπος
857 552 897 599 τ’
919 553 1044 611 ἔφατ’
1066 561 1112 601 ἔκ
1132 553 1172 599 τ’
1192 552 1421 613 ὀνόμαζεν·

271 630 328 670 Εί
345 625 425 682 μὲν
442 624 584 682 θνητή
604 621 644 667 τ’
665 624 770 678 ἐσσὶ,
790 621 903 680 γυνὴ
925 625 975 668 δέ
990 638 1039 668 σε
1057 629 1231 681 γείνατο
1250 624 1404 682 μήτηρ,
1434 637 1497 670 145

169 691 340 748 Ὀτρεὺς
361 692 404 737 δ’
427 695 516 738 ἐστὶ
535 690 674 749 πατὴρ
695 689 830 749 ὄνομα
850 690 1030 747 κλυτὸς,
1059 689 1116 743 ὡς
1135 690 1372 750 ἀγορεύεις,

172 759 410 806 ἀθανάτοιο
432 759 474 806 δ’
495 764 613 818 ἕκητι
639 759 871 816 διακτόρου
892 757 1048 804 ἐνθάδ’
1069 759 1232 812 ἱκάνεις

174 825 349 887 Ἑρμέω,
381 827 459 887 ἐμὴ
480 827 520 873 δ’
542 828 694 885 ἄλοχος
714 827 940 885 κεκλήσεαι
960 825 1098 885 ἤματα
1119 827 1281 874 πάντα·

173 895 290 949 οὔτις
310 902 455 943 ἔπειτα
473 900 594 942 θεῶν
613 894 713 941 οὔτε
731 899 912 954 θνητῶν
930 893 1182 953 ἀνθρώπων

173 965 335 1011 ἐνθάδε
354 984 406 1023 με
425 965 593 1022 σχήσει,
623 965 727 1020 πρὶν
746 968 802 1022 σῇ
820 963 1017 1022 φιλότητι
1035 968 1214 1022 μιγῆναι
1434 976 1500 1009 150

173 1032 329 1079 αὐτίκα
349 1037 452 1078 νῦν·
483 1031 582 1077 οὐδ’
605 1040 648 1077 εἴ
662 1050 739 1076 κεν
756 1031 961 1089 ἑκηβόλος
980 1030 1109 1084 αὐτὸς
1126 1031 1346 1078 Ἀπόλλων

173 1102 299 1156 τόξου
319 1099 396 1146 ἀπ’
417 1099 636 1158 ἀργυρέου
661 1105 791 1158 προΐῃ
810 1102 939 1157 βέλεα
959 1100 1204 1146 στονόεντα.

173 1175 414 1228 βουλοίμην
433 1188 509 1214 κεν
529 1175 674 1214 ἔπειτα
687 1204 697 1224 ,
726 1168 857 1226 γύναι
878 1172 1019 1214 εἰκυῖα
1038 1173 1185 1226 θεῇσι,

174 1242 249 1296 σῆς
270 1236 398 1295 εὐνῆς
418 1236 592 1295 ἐπιβὰς,
624 1240 751 1282 δῦναι
773 1236 907 1294 δόμον
923 1235 1070 1288 ’Ἄϊδος
1090 1244 1203 1282 εἴσω.

266 1304 346 1357 ’Ὡς
368 1304 502 1351 είπών
522 1306 627 1362 λάβε
647 1316 790 1362 χεῖρα·
817 1304 1102 1362 φιλομμειδὴς
1123 1309 1149 1350 δ
1156 1303 1166 1319 ⁷
1185 1303 1417 1362 Ἀφροδίτη
1437 1314 1500 1348 155

174 1377 277 1432 ἕρπε
297 1381 697 1431 μεταστρεφθεῖσα,
722 1371 820 1417 κατ’
840 1370 1010 1430 ὄμματα
1028 1372 1139 1418 καλὰ
1157 1376 1365 1431 βαλοῦσα,

175 1445 217 1494 ἐς
236 1445 357 1500 λέχος
378 1440 645 1500 εὔστρωτον,
675 1440 751 1486 ὅθι
771 1458 851 1497 περ
872 1440 1008 1499 πάρος
1027 1445 1153 1487 ἔσκεν
1171 1439 1325 1486 ἄνακτι

174 1516 403 1568 χλαίνῃσιν
426 1513 622 1568 μαλακῇς
641 1511 912 1567 ἐστρωμένον
925 1522 935 1531 ·
963 1506 1101 1567 αὐτὰρ
1120 1508 1319 1567 ὕπερθεν

157 1578 347 1637 «ἄρκτων
368 1575 545 1636 δέρματ’
568 1584 704 1623 ἔκειτο
723 1576 1056 1662 βαρυφθόγγων
1073 1595 1119 1621 τε
1137 1577 1342 1634 λεόντων,

176 1665 274 1699 τους
293 1645 422 1699 αὐτὸς
440 1649 714 1703 κατέπεφνεν
733 1648 780 1690 ἐν
798 1644 976 1702 οὔρεσιν
992 1642 1236 1702 ὑψηλοῖσιν.
1440 1654 1503 1689 160

177 1718 220 1760 οι
236 1712 277 1760 δ’
299 1716 392 1760 ἐπεὶ
410 1716 492 1759 οὐν
512 1716 673 1772 λεχέων
693 1711 938 1770 ευποιήτων
956 1715 1189 1771 ἐπέβησαν,

177 1783 337 1840 κόσμον
355 1785 436 1840 μέν
457 1801 497 1828 οι
516 1785 689 1840 πρῶτον
708 1780 792 1826 άπό
812 1780 937 1839 χροὸς
957 1779 1044 1826 εἷλε
1063 1780 1262 1838 φαεινὸν,

177 1852 345 1909 πόρπας
365 1870 410 1896 τε
429 1850 654 1909 γναμπτάς
672 1847 724 1895 θ’
745 1853 890 1902 ἕλικας
908 1849 1099 1900 κάλυκάς
1117 1868 1163 1894 τε
1182 1849 1254 1894 καὶ
1273 1847 1443 1907 ὅρμους.

177 1923 279 1965 λῦσε
301 1921 353 1963 δέ
367 1922 413 1964 οἱ
426 1919 584 1976 ζώνην,
615 1918 680 1963 ἰδὲ
699 1921 851 1975 εἵματα
869 1916 1126 1975 σιγαλόεντα

177 1991 306 2033 ἔκδυε
325 1989 397 2032 καὶ
416 1990 661 2045 κατέθηκεν
679 1987 749 2031 ἐπὶ
769 1984 939 2043 θρόνου
959 1982 1233 2044 ἀργυροήλου
1438 1992 1502 2028 165

179 2063 388 2113 Λγχισης·
416 2053 438 2098 ὁ
460 2054 501 2099 δ’
523 2061 669 2100 ἔπειτα
688 2056 808 2099 θεων
827 2053 962 2110 ἰότητι
979 2053 1051 2098 καὶ
1069 2059 1170 2111 αἴσῃ

176 2122 378 2181 αθανάτῃ
398 2125 634 2180 παρέλεκτο
651 2125 738 2180 θεᾷ
758 2120 933 2179 βροτὸς,
961 2118 1014 2166 οὗ
1032 2120 1152 2178 σάφα
1172 2119 1308 2171 εἰδώς.

273 2193 401 2249 Ημος
423 2189 466 2235 δ’
488 2189 549 2243 ὅὶψ
570 2196 630 2242 εἰς
649 2183 779 2234 αὖλιν
797 2189 1083 2234 ἀποκλίνουσι
1101 2190 1259 2246 νομῆες

176 2262 282 2316 βοῦς
300 2277 345 2304 τε
366 2260 436 2303 καὶ
457 2266 554 2316 ἰφια
574 2263 686 2316 μῆλα
710 2261 858 2315 νομῶν
879 2260 921 2311 ἐξ
940 2255 1268 2313 ανθεμοέντων·

177 2330 305 2385 τῆμος
324 2325 398 2384 ἄρ’
416 2324 588 2384 Ἀγχίσῃ
608 2327 687 2384 μὲν
707 2327 777 2371 ἐπὶ
796 2324 965 2383 γλυκὺν
985 2323 1126 2370 ὕπνον
1146 2329 1266 2382 ἔχευε
1436 2330 1502 2367 170
