1619 2556
526 113 586 144 IV.
626 112 704 144 ΕΙΣ
728 110 1024 144 ΑΦΡΟΔΙΤΗΝ.
1386 102 1436 140 47

115 215 190 273 ἥδε
211 218 262 261 δέ
276 220 320 261 οῖ
334 214 441 260 κατὰ
459 214 607 271 θυμὸν
627 214 777 272 ἀρίστη
797 221 976 271 φαίνετο
997 216 1155 272 βουλή·
1371 228 1439 262 235

112 287 161 330 ἐν
178 284 362 343 θαλάμῳ
382 286 619 339 κατέθηκε,
647 283 790 340 θύρας
813 281 858 327 δ’
878 285 1068 339 ἐπέθηκε
1087 284 1284 340 φαεινάς.

111 355 189 397 τοῦ
210 350 252 396 δ’
272 350 364 409 ἤτοι
384 350 511 408 φωνὴ
531 353 602 408 ρεῖ
617 349 800 402 ἄσπετος
813 386 823 405 ,
852 349 960 394 οὐδέ
975 370 1015 394 τι
1036 357 1161 403 κίκυς

111 418 225 470 ἔσθ’,
256 423 325 476 οἴη
346 420 481 475 πάρος
501 424 628 463 ἔσκεν
648 421 713 463 ε’νὶ
732 429 993 475 γναμπτοῖσι
1012 421 1228 474 μέλεσσιν.

111 486 191 532 οὐκ
209 484 264 531 ἄν
284 490 422 544 ἔγωγέ
438 501 486 531 σε
505 498 625 531 τοῖον
648 489 695 531 ἐν
714 485 1004 531 ἀθανάτοισιν
1023 488 1199 545 ἑλοίμην

111 553 335 600 ἀθάνατόν
353 553 394 599 τ’
417 555 527 599 εἶναι
548 557 620 599 καὶ
640 555 763 609 ζώειν
784 553 924 612 ἤματα
944 561 1096 598 πάντα.
1371 567 1437 600 240

55 647 58 649 ·
111 621 208 667 ἀλλ’
230 629 269 668 εἰ
286 623 366 680 μὲν
386 626 578 674 τοιοῦτος
599 622 683 668 ε’ὠν
705 623 818 674 εἶδός
840 641 886 667 τε
907 624 1038 679 δέμας
1056 641 1101 667 τε

111 691 233 745 ζώοις
246 726 256 743 ,
285 688 488 748 ἡμέτερός
507 709 552 735 τε
573 691 697 742 πόσις
717 693 978 748 κεκλημένος
999 698 1102 747 εἴης,

110 757 189 803 οὐκ
209 756 264 802 ἀν
284 759 430 803 ἔπειτά
450 757 496 816 μ’
517 757 617 816 ἄχος
637 758 823 810 πυκινὰς
842 761 1006 814 φρένας
1024 756 1360 815 ἀμφικαλύπτοι.

110 830 193 871 νῦν
213 829 265 872 δέ
279 842 327 870 σε
346 827 427 884 μὲν
445 827 551 883 τάχα
571 830 706 884 γῆρας
725 824 893 884 ὁμοίϊον
912 825 1212 884 ἀμφικαλύψει

110 895 299 952 νηλειὲς,
327 894 375 938 τό
394 892 434 939 τ’
455 900 603 940 ἔπειτα
622 900 882 951 παρίσταται
901 893 1219 950 ἀνθρώποισιν,
1373 907 1438 941 245

109 961 368 1019 οὐλόμενον,
398 962 669 1020 καματηρὸν,
699 961 722 1007 ὅ
742 981 787 1007 τε
808 964 1039 1019 στυγέουσι
1057 969 1162 1008 θεοί
1176 981 1268 1020 περ.

109 1028 246 1086 αὐτὰρ
267 1032 359 1087 ἐμοὶ
377 1029 474 1087 μέγ’
494 1030 663 1083 ὄνειδος
683 1034 731 1075 ἐν
751 1029 1011 1075 ἀθανάτοισι
1030 1037 1204 1076 θεοῖσιν

109 1104 277 1144 ἔσσεται
297 1097 436 1156 ἤματα
456 1098 598 1143 πάντα
619 1099 852 1156 διαμπερὲς
873 1102 1019 1144 εἵνεκα
1038 1109 1144 1150 σεῖο,

108 1172 151 1211 οἳ
168 1168 272 1223 πρὶν
292 1166 420 1224 ἐμοὺς
438 1164 594 1223 ὀάρους
613 1169 685 1211 καὶ
705 1166 878 1224 μήτιας,
907 1164 976 1219 αἷς
995 1184 1099 1211 ποτε
1119 1167 1284 1219 πάντας

108 1232 357 1286 ἀθανάτους
376 1237 583 1292 συνέμιξα
604 1238 904 1293 καταθνητῇσι
924 1236 1110 1292 γυναιξὶ,
1370 1249 1437 1281 250

109 1302 370 1359 τάρβεσκον·
399 1303 564 1356 πάντας
583 1302 665 1360 γὰρ
685 1302 790 1360 ἐμὸν
811 1304 1033 1361 δάμνασκε
1052 1302 1204 1360 νόημα.

108 1373 191 1414 νῦν
212 1371 258 1415 δὲ
280 1370 332 1427 δὴ
353 1369 496 1416 οίκέτι
517 1390 589 1427 μοι
609 1370 744 1428 στόμα
762 1377 950 1428 χείσεται
971 1374 1227 1429 ἐξονομῆναι

107 1442 232 1482 τοῦτο
252 1437 345 1495 μετ’
366 1437 676 1492 ἀθανάτοισιν,
706 1441 798 1484 ἐπεὶ
817 1440 931 1496 μάλα
951 1439 1114 1484 πολλὸν
1133 1437 1320 1496 ἀάσθην,

107 1508 324 1562 σχέτλιον,
352 1504 432 1551 ούκ
452 1505 717 1564 ὀνομαστὸν,
747 1505 1065 1564 ἀπεπλάγχθην
1086 1508 1133 1552 δὲ
1152 1508 1284 1563 νόοιο,
1350 1505 1354 1512 ’

108 1578 243 1619 παῖδα
264 1572 307 1618 δ’
327 1572 412 1618 ὑπὸ
433 1575 545 1633 ζώνῃ
566 1577 730 1632 ἐθέμην
749 1579 895 1635 βροτῷ
915 1574 1164 1633 εὐνηθεῖσα.
1370 1589 1436 1623 255

106 1641 182 1686 τὸν
200 1642 301 1699 μὲν,
335 1641 444 1699 ἐπὴν
465 1643 518 1700 δὴ
537 1646 712 1699 πρῶτον
731 1647 804 1701 ίὸῃ
825 1644 935 1698 φάος
954 1642 1129 1701 ἠελίοιο,

106 1710 293 1767 Νύμφαι
312 1729 387 1766 μιν
405 1713 651 1767 θρέψουσιν
670 1709 880 1771 ὀρεσκῷοι
900 1711 1191 1768 βαθύκολποι,

106 1784 153 1823 αἳ
169 1777 267 1822 τόδε
286 1777 565 1823 ναιετάουσιν
584 1777 683 1834 ὅρος
702 1781 812 1836 μέγα
831 1799 876 1825 τε
896 1779 1054 1834 ζάθεόν
1071 1798 1117 1824 τε
1129 1792 1140 1803 ·

107 1850 154 1890 αἵ
173 1843 215 1902 ῥ’
236 1844 336 1890 οὔτε
355 1854 535 1903 θνητοῖς
554 1844 650 1891 οὔτ’
670 1844 960 1893 ἀθανάτοισιν
979 1851 1178 1893 ἕπονται·

108 1911 241 1971 δηρὸν
261 1914 341 1971 μὲν
361 1914 514 1969 ζώουσι
534 1916 607 1960 καὶ
626 1913 847 1971 ἄμβροτον
867 1916 991 1971 εἶδαρ
1011 1920 1173 1967 ἔδουσι,
1368 1926 1435 1961 260

106 1987 183 2026 καί
195 2000 241 2026 τε
260 1979 354 2038 μετ’
376 1981 635 2027 ἀθανάτοισι
656 1982 792 2027 καλὸν
809 1983 940 2041 χορὸν
960 1984 1219 2041 ἐρρώσαντο.

106 2052 203 2107 τῇσι
223 2049 270 2094 δὲ
288 2055 500 2107 Σειληνοί
512 2069 556 2096 τε
576 2051 648 2095 καὶ
667 2048 878 2103 εὕσκοπος
895 2050 1201 2108 Ἀργειφόντης

105 2115 304 2174 μίσγοντ’
326 2120 374 2162 ἐν
394 2117 592 2175 φιλότητι
612 2122 737 2176 μυχῷ
755 2125 920 2165 σπείων
941 2122 1164 2176 ἐροέντων.

105 2188 202 2242 τῇσι
224 2183 266 2229 δ’
286 2183 361 2242 ἀμ’
384 2183 411 2243 ἦ
429 2185 575 2231 ἐλάται
595 2184 643 2243 ἠὲ
664 2186 794 2242 δρύες
812 2186 1076 2244 ὑψικάρηνοι

104 2255 409 2310 γεινομένῃσιν
428 2259 598 2310 ἔφυσαν
618 2255 688 2299 ἐπὶ
706 2257 835 2310 χθονὶ
855 2261 1132 2312 βωτιανείρῃ,
1367 2262 1433 2297 265

105 2322 254 2375 καλαὶ,
287 2321 598 2377 τηλεθάουσαι,
632 2325 680 2367 ἐν
699 2321 879 2379 οὔρεσιν
896 2320 1152 2379 ὑψηλοῖσιν·
