1619 2556
547 117 612 149 111.
650 118 727 149 ΕΙΣ
755 119 933 150 ΕΡΜΗΝ.
1356 112 1407 153 33

78 218 151 275 [ὡς
170 218 249 265 οὐκ
269 220 414 268 οἴκαδ’
435 227 593 267 ἔλασσα
613 220 739 278 βόας,
769 218 824 270 ὥς
844 219 991 277 ὄλβιος
1013 229 1120 279 εἴην,

78 286 177 333 οὐδ’
196 285 306 347 ὑπὲρ
327 287 462 334 οὐδὸν
482 293 610 344 ἔβην·
629 287 676 332 τὸ
697 288 747 334 δέ
767 286 806 331 τ’
827 286 1038 345 άτρεκέως
1058 289 1266 348 άγορεύω.
1337 303 1405 338 380

76 353 243 401 Ἠέλιον
263 358 309 402 δὲ
327 354 429 415 μάλ’
451 355 647 413 αἰδέομαι
666 359 738 401 καὶ
759 360 966 414 δαίμονας
986 357 1157 411 ἄλλους,

77 429 153 468 καί
168 439 216 468 σε
235 428 350 481 φιλοῖ
367 425 438 469 καὶ
460 426 613 469 τοῦτον
632 421 830 481 ὀπίζομαι
843 437 851 445 ·
880 425 1011 470 οἶσθα
1031 427 1102 469 καὶ
1123 425 1284 481 αύτὸς,]

78 489 134 543 [ὃς
155 489 236 537 οὐκ
255 492 391 544 αἴτιός
411 497 518 550 εἰμι·
546 491 685 548 μέγαν
706 496 731 536 δ
742 491 751 507 ’
773 493 1039 551 ἐπιδώσομαι
1059 492 1210 550 ὅρκον·

77 557 128 604 οὐ
147 558 206 617 μὰ
224 559 322 605 τάδ’
343 559 580 605 άθανάτων
600 558 843 619 εὐκόσμητα
863 560 1126 619 προθύραια.

47 642 50 644 ’
77 632 152 672 καί
167 644 252 673 που
273 628 356 685 ἐγώ
377 628 515 687 τούτῳ
536 633 639 672 τίσω
659 629 762 674 ποτὲ
781 628 914 686 νηλέα
934 629 1102 687 φώρην,
1334 640 1400 675 385

78 696 150 740 καὶ
170 699 367 756 κρατερῷ
386 713 466 753 περ
488 694 602 741 ἐόντι
616 709 625 718 ·
657 695 712 741 σὺ
736 694 777 741 δ’
803 694 1101 755 ὁπλοτέροισιν
1120 696 1266 755 ἄρηγε.

169 760 246 816 ‘¹529
266 762 368 821 φάτ’
389 767 616 818 ἐπιλλίζων
635 764 880 822 Κυλλήνιος
895 763 1220 823 Ἀργειφόντης·

77 832 147 876 καὶ
165 831 212 877 τὸ
233 832 485 890 σπάργανον
506 831 621 888 εἶχεν
641 830 710 877 ἐπ’
732 830 871 891 ωλένῃ
892 831 991 878 οὐδ’
1011 830 1240 891 ἀπέβαλλε.

77 897 186 951 Ζεὺς
207 900 254 945 δε
273 900 354 957 μέγ
363 898 674 957 ’ἐξεγέλασσεν
693 899 802 945 ίδών
823 901 1071 959 κακομηδέα
1090 905 1238 946 παῖδα.

79 969 128 1012 εὐ
148 970 221 1013 καὶ
240 967 534 1025 ἐπισταμένως
553 966 825 1049 άρνεύμενον
845 967 957 1026 άμφὶ
976 969 1166 1027 βόεσσιν.
1335 981 1402 1016 390

77 1033 346 1093 ἀμφοτέρους
368 1034 410 1081 δ’
432 1035 663 1081 ἐκέλευσεν
681 1033 907 1094 ὁμόφρονα
926 1036 1074 1094 θυμὸν
1093 1042 1267 1094 ε’χοντας

77 1103 290 1161 ζητεύειν,
314 1102 473 1162 Ἑρμῆν
493 1104 539 1148 δὲ
561 1103 830 1161 διάκτορον“
809 1105 1106 1162 ηγεμονεύειν,

77 1173 150 1216 καὶ
171 1174 308 1226 δεῖξαι
327 1171 403 1216 τὸν
421 1189 564 1229 χωρον
584 1170 652 1216 ἐπ’
674 1171 910 1235 άβλαβιήσρ
929 1173 1061 1228 νόοιο,

77 1237 194 1297 όππη
215 1237 260 1284 δ’
280 1233 379 1284 αὕτ’
401 1237 626 1297 ἀπέκρυψε
645 1244 763 1297 βοῶν
783 1248 947 1299 ἴφθιμα
966 1241 1145 1297 κάρηνα.

76 1310 234 1352 νεῦσεν
254 1308 301 1352 δὲ
319 1311 562 1365 Κρονίδης,
593 1311 850 1353 ἐπεπείθετο
871 1307 915 1354 δ’
936 1307 1094 1366 ἀγλαὸς
1111 1306 1283 1365 Ἑρμῆς
1338 1319 1402 1354 395

78 1378 255 1432 ῥηιδίως
273 1375 356 1433 γὰρ
377 1381 528 1421 ἔπειθε
548 1374 654 1428 Διὸς
673 1376 773 1428 νόος
792 1377 1013 1435 αἰγιόχοιο.

78 1441 135 1488 τώ
158 1440 202 1488 δ’
223 1441 352 1500 ἄμφω
373 1442 611 1488 σπεύδοντε
630 1443 738 1496 Διὸς
758 1444 1019 1503 περικαλλέα
1040 1443 1168 1488 τέκνα

77 1513 120 1562 ἐς
138 1510 290 1555 Πύλον
308 1510 558 1569 ἠμαθόεντα
579 1510 650 1557 ἐπ’
673 1510 874 1569 Ἀλφειοῦ
896 1512 1034 1571 πόρον
1055 1509 1165 1565 ἷξον·

77 1576 235 1636 άγρούς
256 1577 300 1624 δ’
322 1581 511 1633 ἐξίκοντο
530 1581 603 1624 καὶ
622 1579 776 1625 αὔλιον
796 1579 1114 1639 ὑψιμέλαθρον,

78 1640 154 1705 ᾗχί
171 1649 225 1704 ῥα
244 1649 288 1691 οί
302 1645 510 1705 τᾶγρευμ’
530 1645 778 1693 άτιτάλλετο
797 1649 954 1700 νυκτὸς
974 1651 1022 1694 ἐν
1042 1647 1144 1705 ὥρῃ.
1334 1658 1402 1691 400

79 1712 179 1760 ἔνθ’
193 1712 349 1772 εΕρμῆς
367 1715 447 1773 μὲν
466 1720 613 1760 ἔπειτα
632 1715 741 1760 κιών
759 1716 876 1773 παρὰ
895 1717 1047 1762 λάϊνον
1067 1714 1241 1772 ἄντρον,

79 1787 138 1834 εἰς
157 1786 249 1838 φῶς
269 1782 475 1840 ἐξήλαυνε
494 1786 612 1840 βοῶν
631 1791 794 1842 ἴφθιμα
814 1784 1000 1843 κάρηνα·

78 1853 291 1907 Λητοΐδης
312 1848 356 1895 δ’
377 1848 627 1909 ἀπάτερθεν
646 1850 755 1896 ι’δών
774 1852 927 1909 ἐνόησε
946 1857 1091 1910 βοείας

78 1919 211 1976 πέτρῃ
232 1915 304 1963 ἐπ’
326 1916 517 1978 ἠλιβάτῳ
531 1954 540 1971 ,
571 1918 677 1975 τάχα
696 1918 739 1964 δ’
758 1918 885 1977 ἤρετο
904 1920 1090 1977 κύδιμον
1103 1917 1282 1977 Ἑρμῆν·

179 1989 282 2037 Πῶς
302 1986 465 2042 ἐδύνω,
498 1990 735 2044 δολομῆτα,
767 1987 857 2031 δύω
879 1988 954 2045 βόε
975 1990 1292 2045 δειροτομῆσαι,
1334 1999 1401 2032 405

79 2046 163 2097 ὦδε
183 2051 360 2111 νεογνὸς
380 2053 465 2099 ἐών
484 2056 556 2099 καὶ
575 2054 748 2111 νήπιος;
777 2053 913 2112 αὐτὰρ
934 2061 1068 2113 ἔγωγε

81 2123 286 2179 δειμαίνω
305 2121 544 2167 κατόπισθε
563 2121 610 2166 τὸ
630 2121 708 2166 σὸν
725 2122 899 2180 κράτος·
928 2121 1032 2169 οὐδέ
1055 2129 1098 2168 τί
1114 2136 1161 2168 σε
1181 2122 1260 2180 χρὴ

78 2188 244 2246 μακρὸν
263 2186 487 2246 ἀέξεσθαι,
515 2189 758 2248 Κυλλήνιε,
787 2190 990 2243 Μαιάδος
1012 2191 1088 2236 υἱέ.

169 2254 248 2309 Ὦς
268 2255 341 2315 ἄρ’
361 2262 466 2316 ἔφη,
495 2259 567 2303 καὶ
586 2260 707 2315 χερσὶ
725 2263 986 2317 περίστρεφε
1006 2257 1192 2316 καρτερὰ
1215 2258 1364 2317 δεσμὰ,

80 2326 98 2351 *
117 2322 277 2381 ἄγνου·
305 2327 373 2370 ταὶ
397 2324 438 2370 δ’
459 2323 544 2370 ὑπὸ
566 2327 694 2370 ποσσὶ
716 2325 821 2370 κατὰ
842 2326 1000 2383 χθονὸς
1020 2327 1128 2379 αἶψα
1143 2325 1308 2382 φύοντο
1335 2336 1402 2369 410

141 2398 290 2432 Honmu
314 2400 452 2433 vau.
