1619 2556
418 129 463 160 11.
500 129 577 161 ΕΙΣ
602 126 869 160 ΑΠΟΛΛΩΝΑ
895 125 1091 158 ΙΙΤΘΙΟΝ.
1353 123 1405 161 17

101 235 156 288 βῆ
176 232 222 276 δὲ
241 230 356 288 παρὰ
368 231 595 287 Κρουνοὺς
614 234 890 275 καὶΧαλκίὸα
910 231 981 273 καὶ
999 229 1114 286 παρὰ
1129 230 1298 288 Δύμην,
1312 236 1406 285 [425]

101 296 176 355 ἠδὲ
195 297 299 353 παρ’
318 297 474 342 ’Ἠλιδα
494 301 594 342 δῖαν
606 334 616 351 ,
643 297 719 342 ὅθι
738 299 993 355 κρατέουσιν
1009 295 1175 342 Ἐπειοί.

101 359 198 410 εὖτε
219 365 360 421 Φερὰς
380 366 638 422 ἐπέβαλλεν,
667 363 936 422 ἀγαλλομένη
954 363 1061 416 Διὸς
1079 363 1210 424 οὔρῳ,

100 438 175 477 καί
190 446 296 489 σφιν
313 430 423 477 ὑπὲκ
443 435 614 489 νεφέων
629 430 795 489 Ἰθάκης
814 429 853 476 τ’
873 430 971 488 ὅρος
990 431 1096 476 αἰπύ
1114 434 1320 489 πέφαντο,
1341 446 1407 478 250

100 500 335 556 Δουλίχιόν
353 517 398 544 τε
418 499 545 557 Σάμη
564 519 608 545 τε
629 501 699 545 καὶ
718 497 904 557 ὑλήεσσα
925 499 1165 551 Ζάκυνθος.

99 564 196 611 ἀλλ’
215 566 287 612 ὅτε
309 566 361 624 δὴ
379 567 719 625 Πελοπόννησον
737 572 1018 624 παρενίσσετο
1038 571 1194 619 πᾶσαν,
1310 571 1406 621 [430]

45 641 48 643 ’
99 635 170 678 καὶ
190 634 243 692 δὴ
263 636 332 680 ε’πὶ
352 639 515 691 Κρίσης
534 634 629 692 τάχ’
651 638 850 691 ἐφαίνετο
871 633 1028 686 κόλπος
1047 632 1253 691 ἀπείρων,

97 699 195 746 ὅστε
216 702 308 747 διὲκ
325 701 664 759 Πελοπόννησον
683 707 855 759 πίειραν
873 703 1010 758 ἐέργει
1023 714 1033 724 ·

98 762 203 825 ἦλθ’
222 767 378 826 ἄνεμος
392 772 588 825 Ζέφυρος
607 772 758 827 μέγας,
780 777 972 824 αἴθριος,
995 771 1041 812 ἐκ
1060 769 1165 819 Διὸς
1186 776 1321 825 αἴσης,
1342 780 1406 813 255

97 834 254 892 λάβρος
274 839 503 893 ἐπαιγίζων
524 840 565 890 ἐξ
584 838 780 893 αἰθέρος,
811 835 926 892 ὄφρα
951 835 1125 891 τάχιστα

96 906 202 960 νηῦς
220 901 392 948 ἀνύσειε
412 904 576 948 θέουσα
595 904 816 961 θαλάσσης
835 902 1029 960 ἁλμυρὸν
1047 902 1167 960 ὕδωρ
1310 906 1405 957 [435]

96 968 279 1028 ἄψορροι
300 970 352 1028 δὴ
371 976 517 1016 ἔπειτα
537 970 642 1029 πρὸς
660 969 723 1027 ήῶ
741 968 782 1014 τ’
803 969 946 1027 ῆέλιόν
965 989 1009 1014 τε

100 1042 279 1082 ἔπλεον·
306 1036 542 1096 ἡγεμόνευε
563 1036 608 1082 δ’
629 1035 734 1091 ἅναξ
755 1037 860 1088 Διὸς
879 1037 970 1089 υἱὸς
999 1036 1238 1082 Ἀπόλλων·

97 1102 189 1158 ἷξον
211 1104 252 1149 δ’
273 1108 314 1156 ές
334 1110 503 1162 Κρίσην
524 1104 763 1158 εὐδείελον,
793 1103 1103 1162 ἀμπελόεσσαν,
1340 1116 1406 1150 260

96 1175 138 1223 ἐς
157 1171 322 1230 λιμέν’·
351 1171 375 1229 ἡ
397 1171 439 1216 δ’
458 1171 694 1230 ἀμάθοισιν
713 1176 944 1229 ἐχρίμψατο
965 1172 1229 1229 ποντοπόρος
1247 1175 1365 1229 νηῦς.

96 1237 195 1284 ἔνθ’
216 1242 262 1284 ἐκ
280 1239 382 1297 νηὸς
400 1238 583 1296 ὄρουσεν
603 1238 709 1293 ἅναξ
729 1239 928 1296 ἑκάεργος
945 1238 1177 1295 Ἀπόλλων,
1308 1242 1405 1294 [440]

96 1304 241 1362 ἀστέρι
261 1307 488 1364 εἰδόμενος.
504 1310 619 1366 μέσῳ
642 1306 788 1364 ἤματι·
814 1310 892 1351 τοῦ
911 1305 953 1351 δ’
975 1306 1057 1351 ἀπὸ
1077 1308 1231 1351 πολλαὶ

95 1378 380 1430 σπινθαρίδες
399 1378 626 1426 πωτῶντο,
655 1376 780 1425 σέλας
802 1372 842 1417 δ’
867 1380 927 1426 εἰς
945 1372 1135 1431 οὐρανὸν
1155 1372 1268 1419 ἷκεν·

96 1443 137 1492 ἐς
157 1440 202 1485 δ’
223 1440 386 1486 ἄδυτον
405 1444 614 1487 κατέδυσε
635 1440 706 1485 διὰ
725 1441 943 1499 τριπόδων
962 1445 1176 1499 ἐριτίμων.
1341 1452 1405 1486 ’265

95 1507 195 1553 ἔνθ’
215 1507 288 1565 ἄρ’
308 1508 382 1566 ὅγε
401 1508 530 1566 φλόγ’
553 1513 669 1555 ἔδαιε
688 1509 1037 1567 πιφαυσκόμενος
1056 1508 1106 1553 τὰ
1125 1507 1152 1553 ὁὶ
1171 1513 1298 1567 κῆλα·
1336 1506 1340 1513 ’

95 1579 239 1620 πᾶσαν
259 1577 305 1621 δὲ
326 1581 495 1633 Κρίσην
512 1577 690 1633 κάτεχεν
708 1578 855 1628 σέλας·
869 1579 918 1621 αἱ
933 1576 976 1620 δ’
998 1575 1208 1630 ὀλόλυξαν
1309 1580 1406 1630 [445]

98 1648 319 1699 Κρισαίων
337 1643 484 1700 α’λοχοι
502 1649 758 1698 καλλίζωνοι
772 1662 817 1688 τε
834 1643 1051 1700 θύγατρες

95 1715 261 1767 Φοίβου
279 1708 363 1755 υπὸ
385 1713 532 1768 ῥιπῆς·
559 1713 667 1768 μέγα
686 1729 768 1768 γαρ
789 1712 884 1762 δέος
904 1709 1019 1756 εἷλεν
1038 1714 1229 1757 ἕκαστον

94 1783 225 1822 ἔνθεν
246 1777 288 1822 δ’
310 1780 390 1822 αύτ
398 1776 499 1823 ’ἐπὶ
517 1782 599 1835 νῆα
617 1777 745 1835 νόημ’
769 1776 824 1829 ὥς
843 1772 945 1822 ἆλτο
965 1781 1187 1832 πέτεσθαι,
1341 1788 1405 1823 270

94 1844 216 1901 ἀνέρι
238 1845 456 1903 εἰδόμενος
475 1849 606 1904 αἰζηῷ
624 1865 668 1889 τε
688 1863 880 1905 κρατερω
900 1864 966 1926 τε,

93 1913 332 1970 πρωθήβη,
361 1918 508 1970 χαίτῃς
528 1915 749 1970 εἰλυμένος
770 1910 920 1968 εὐρέας
942 1912 1104 1970 ὤμους·
1306 1916 1402 1967 [450]

93 1986 168 2024 καί
181 1994 316 2035 σφεας
335 1980 539 2037 φωνήσας
558 1985 661 2024 ἔπεα
680 1979 913 2036 πτερόεντα
932 1980 1180 2061 προσηύδα·

191 2049 240 2091 Ωι
259 2049 410 2101 ξεῖνοι,
443 2053 556 2098 τίνες
575 2049 688 2099 ε’στέ;
717 2046 858 2091 πόθεν
876 2046 1026 2092 πλεῖθ’
1044 2044 1157 2104 ὑγρὰ
1176 2050 1388 2098 κέλευθα,

93 2112 120 2170 ἥ
137 2132 178 2158 τι
196 2114 304 2159 κατὰ
322 2117 500 2172 πρῆξιν,
530 2111 558 2171 ἢ
576 2118 791 2171 μαψιδίως
811 2113 1043 2172 ἀλάλησθ,ε
1341 2124 1404 2159 275

93 2177 163 2225 οἷά
181 2199 227 2226 τε
247 2185 468 2239 ληιστῆρες
487 2179 616 2238 ὑπεὶρ
635 2180 738 2235 ἅλα,
767 2187 836 2227 τοί
851 2180 890 2225 τ’
911 2180 1124 2226 ἀλόωνται

97 2246 232 2304 ψυχὰς
251 2251 539 2306 παρθέμενοι,
570 2247 706 2293 κακὸν
729 2247 1010 2293 ἀλλοδαποῖσι
1029 2251 1256 2306 φέροντεςς
1310 2249 1404 2299 [455]

97 2314 222 2371 τίφθ’
243 2315 379 2367 οὕτως
398 2310 539 2372 ἧσθον
557 2315 764 2372 τετιηότε,
795 2313 894 2359 οὐδ’
917 2317 985 2360 ἐπὶ
1009 2327 1140 2371 γαῖαν

157 2390 302 2422 Hosmm
326 2391 465 2423 vau.
1116 2388 1140 2424 2
