1619 2556
172 117 223 156 20
493 127 541 159 11.
569 128 648 159 ΕΙΣ
671 126 939 159 ΑΠΟΛΛΩΝΛ
965 126 1166 160 ΠΤΘΙΟΝ.

173 229 353 286 ἄκμητοι
375 231 420 274 δὲ
441 230 578 286 λόφον
597 233 816 287 προσέβαν
836 232 964 274 ποσὶν
977 265 987 281 ,
1017 231 1124 280 αἶψα
1144 230 1186 274 δ’
1206 235 1352 276 ἵκοντο
1396 236 1490 287 [520]

173 297 410 354 Παρνησὸν
428 299 501 341 καὶ
519 301 660 354 χῶρον
680 297 916 356 ἐπήρατον,
946 296 1046 343 ἔνθ’
1067 297 1140 352 ἄρ’
1162 304 1341 355 ἔμελλον

174 366 365 421 οἰκήσειν
384 371 580 409 πολλοῖσι
598 368 810 423 τετιμένοι
829 365 1103 421 ἀνθρώποισι
1116 379 1126 388 ·

176 436 287 486 δεῖξε
307 431 348 476 δ’
370 432 490 489 ἄγων
509 431 672 478 ἄδυτον
691 433 847 488 ζάθεον
865 435 937 478 καὶ
956 439 1084 477 πίονα
1103 433 1222 489 νηόν.
1423 447 1490 480 345

175 519 261 543 των
284 499 326 544 δ’
348 499 527 555 ὠρίνετο
548 501 690 559 θυμὸς
709 503 775 546 ἐνὶ
793 501 999 558 στήθεσσι
1020 507 1208 557 φίλοισι·

175 567 249 612 τὸν
269 570 339 612 καὶ
358 566 412 612 ἆι
416 568 635 625 ειρόμενος
655 572 840 625 Κρητῶν
860 567 962 625 ἀγὸς
981 587 1034 612 αν
1038 575 1130 612 τίον
1148 567 1204 625 ηί
1195 568 1262 612 ’δα
1394 573 1490 624 [525]

270 629 360 678 '52'
342 634 428 683 αν’
456 636 606 692 ἐπειδὴ
625 641 724 693 τῆλε
744 642 886 693 φίλων
904 638 977 680 καὶ
996 640 1201 690 πατρίδος
1221 644 1316 692 αἴης

177 702 351 760 ἤγαγες·
380 702 493 748 οὕτω
513 721 599 748 που
618 709 678 763 τῷ
697 707 761 763 σῷ
779 710 911 784 φίλον
930 709 1080 748 ἔπλετο
1099 707 1252 762 θυμῷ·

177 774 264 822 πῶς
283 773 355 815 καὶ
373 775 457 815 νῦν
476 771 713 828 βιόμεσθα;
744 772 791 816 τό
811 786 859 815 σε
879 772 1121 827 φραζεσθαι
1141 769 1354 828 α’νωγμεν.
1425 784 1492 818 350

177 838 315 883 οὔτε
333 857 614 896 τρυγηφορος
625 839 703 896 ἥδε
721 837 766 895 γ’
787 839 997 896 ἐπήρατος
1016 837 1110 883 oit’
1132 837 1357 895 εὐλείμων.

176 904 280 950 ὥστ’
301 905 385 950 ἀπό
403 905 444 951 τ’
467 909 517 952 εὐ
537 907 662 961 ζώειν
674 909 747 951 καὶ
766 927 825 964 αμ
833 905 1160 962 ’ἀνθρώποισιν
1177 904 1369 963 ὀπηδειν.
1396 910 1492 961 [530]

281 974 390 1026 Τοὺς
410 972 451 1018 δ’
472 975 750 1032 ἐπιμειδήσας
768 978 964 1031 προσέφη
983 973 1090 1025 Διὸς
1109 973 1201 1026 υιός
1217 972 1455 1019 Ἁπόλλων·

176 1042 339 1099 Νήπιοι
357 1041 609 1098 ἄνθρωποι,
641 1043 955 1100 δυστλήμονες.
981 1048 1026 1087 οἳ
1040 1045 1286 1099 μελεδῶνας

175 1109 386 1166 βούλεσθ’
406 1108 644 1167 ἀργαλέους
662 1129 708 1155 τε
727 1110 889 1162 πόνους
909 1112 982 1154 καὶ
1001 1115 1172 1154 στείνεα
1190 1113 1323 1169 θυμῷ
1332 1123 1342 1132 ’
1427 1121 1493 1155 355

178 1180 349 1234 ῥηΐδιον
367 1184 468 1230 ἔπος
489 1176 600 1236 ὔμμ’
620 1181 726 1233 ἐρέω
746 1180 818 1223 καὶ
838 1181 908 1223 ἐπὶ
926 1180 1055 1234 φρεσὶ
1073 1177 1208 1233 θήσω.

177 1249 373 1304 δεξιτερῇ
390 1245 493 1303 μάλ’
514 1250 691 1296 ἕκαστος
711 1252 822 1303 ἔχων
842 1249 889 1290 ἐν
907 1248 1017 1303 χειρὶ
1036 1245 1265 1301 μάχαιραν.
1397 1248 1494 1299 [535]

175 1313 354 1369 σφάζειν
373 1315 458 1358 αἰεὶ
479 1317 612 1371 μῆλα·
641 1313 692 1357 τὰ
714 1312 754 1358 δ’
777 1313 955 1370 ἄφθονα
977 1314 1117 1357 πάντα
1137 1315 1358 1368 παρέσται,

176 1380 282 1425 ὅσσα
302 1384 400 1438 ἐμοί
415 1379 458 1425 κ’
479 1380 672 1438 ἀγάγωσι
690 1385 926 1437 περικλυτὰ
946 1379 1053 1437 φῦλ’
1074 1378 1345 1435 ἀνθρώπων·

176 1447 283 1506 νηὸν
303 1450 350 1494 δὲ
370 1450 676 1506 προφύλαχθε,
707 1451 889 1506 δέδεχθε
911 1449 958 1493 δὲ
979 1446 1086 1504 φῦλ’
1108 1446 1373 1504 ἀνθρώπων..
1426 1458 1495 1494 360

177 1515 333 1561 ἐνθάδ’
354 1515 648 1574 ἀγειρομένων
668 1518 740 1561 καὶ
761 1516 868 1573 ἐμὴν
888 1516 994 1561 ἰθύν
1012 1534 1058 1560 τε
1076 1515 1268 1572 μάλιστα.

177 1590 216 1629 εἰ
235 1587 286 1628 δέ
300 1605 340 1628 τι
359 1584 538 1642 τηΰσιον
563 1590 664 1636 ἔπος
691 1589 881 1629 ἔσσεται.
914 1582 966 1640 ἠέ
980 1603 1019 1627 τι
1039 1589 1181 1639 ἔργον,
1397 1586 1494 1638 [540]

177 1651 302 1708 ὕβρις
320 1650 385 1705 θ’,
414 1651 441 1709 ἢ
459 1655 587 1709 θέμις
606 1654 695 1696 ἐστὶ
715 1654 1003 1708 καταθνητῶν
1022 1649 1286 1706 ἀνθρώπων,

177 1718 300 1764 ἄλλοι
319 1719 467 1764 ἔπειθ’
489 1718 595 1777 ὑμῖν
614 1720 880 1777 σημάντορες
900 1718 1058 1774 ἄνδρες
1077 1724 1263 1769 ἔσονται,

177 1790 264 1831 τῶν
283 1785 361 1831 ὑπ’
382 1786 596 1845 ἀναγκαίῃ
620 1785 885 1844 δεδμήσεσθ’
906 1785 1045 1843 ἤματα
1065 1786 1216 1830 πάντα.
1430 1796 1496 1830 365

178 1861 347 1912 εἴρηταί
362 1873 426 1899 τοι
446 1855 609 1899 πάντα·
636 1854 691 1899 σύ
712 1855 758 1899 δὲ
779 1856 908 1911 φρεσὶ
927 1857 1028 1910 σῇσι
1047 1853 1247 1910 φύλαξαι.

280 1925 366 1966 Καὶ.
385 1921 439 1967 σύ
457 1923 538 1980 μὲν
557 1921 670 1967 οὕτω
690 1933 811 1978 χαῖρε
826 1958 835 1966 .
866 1920 973 1971 Διὸς
993 1923 1065 1965 καὶ
1083 1923 1253 1978 Λητοῦς
1272 1923 1358 1965 υἰέ·
1399 1923 1498 1974 [545]

177 1988 312 2045 αὐτὰρ
333 1990 417 2047 ἐγώ
436 1992 509 2035 καὶ
529 2001 620 2034 σεῖο
639 1991 711 2034 καὶ
732 1988 862 2046 ἄλλης
881 1987 1064 2046 μνήσομ’
1086 1987 1247 2045 ἀοιδῆς.
