1619 2556
165 119 213 155 10
483 129 529 160 ΙΙ.
571 129 649 160 ΕΙΣ
674 127 944 160 ΑΠΟΛΛΩΝΑ
972 128 1172 162 ΠΤΘΙΟΝ.

260 234 362 282 Πῶς
382 229 421 274 τ’
444 230 498 286 ἄρ
520 229 564 274 σ’
587 229 763 289 ὑμνήσω
783 231 955 283 πάντως
978 231 1169 290 εὔυμνον
1188 234 1335 284 ἐόντας

162 295 209 353 ἦέ
226 296 268 341 σ’
289 299 353 343 ἐνὶ
377 303 644 355 μνηστῆρσιν
662 297 793 344 ἀείδω
814 301 885 344 καὶ
904 299 1114 356 φιλότητι,
1436 314 1481 346 30

158 363 307 416 ὅππως
327 366 576 422 μνωόμενος
597 373 706 418 ἔκιες
723 365 919 421 Ἀζανίδα
939 368 1117 424 κούρην,

151 431 285 490 Ἴσχυ’
306 432 381 490 ἅμ’
402 433 615 493 ἀντιθέῳ,
641 432 907 491 Ἐλατιονίδη
929 433 1122 494 εὖΐππῳ;
1385 443 1479 488 [210]

167 497 184 512 Ἃ
222 499 231 506 ’
335 501 344 513 t
632 502 642 515 1
800 504 809 518 ¹
940 499 958 516 Ἃ
973 501 983 516 2
1067 502 1076 516 1

159 519 183 556 η
203 519 259 552 ως
280 506 513 557 Φορβαντα
539 509 735 561 Τριοπεω
757 520 901 558 γενος,
930 522 956 559 η
976 510 1270 559 Αμαρυνθον;

161 566 184 624 ἢ
202 567 289 625 ἅμα
308 575 548 628 Λευκίππῳ
569 572 641 614 καὶ
661 575 930 614 Λευκίπποιο
951 570 1134 627 δάμαρτι

718 645 735 664 *
1010 641 1029 662 *

158 702 301 758 πεζὸς,
332 701 353 746 ὁ
376 702 418 747 δ’
440 709 662 754 ἵπποισιν;
692 702 744 748 οὐ
763 705 848 761 μὴν
1434 717 1479 752 35

426 773 441 786 ‘³
716 772 733 792 *
1008 771 1027 793 *

160 836 182 894 ἦ
207 835 263 889 ὡς
283 838 329 882 τὸ
349 843 522 895 πρῶτον
541 839 801 896 χρηστήριον
820 838 1094 895 ἀνθρώποισι

156 905 346 962 ζητεύων
363 906 472 951 κατὰ
492 918 622 963 γαῖαν
642 912 742 964 ἔβης
756 943 765 958 ,
795 905 1023 964 ἑκατηβόλ’
1040 905 1277 958 ’Ἀπολλονς
1384 911 1475 964 [215]

155 979 341 1031 Πιερίην
359 976 439 1031 μὲν
458 978 632 1031 πρῶτον
652 973 730 1018 ἀπ’
754 973 1007 1032 Οὐλύμποιο
1027 977 1260 1030 κατῆλθες·

156 1041 336 1099 Λάκμον
354 1042 390 1086 τ’
412 1041 629 1100 Ἠμαθίην
647 1061 692 1087 τε
712 1045 964 1099 παρέστιχες
982 1040 1054 1099 ἠδ’
1073 1041 1279 1098 Ἐνιῆνας,

156 1112 226 1154 καὶ
249 1109 319 1154 διὰ
338 1110 633 1168 Περραιβούς·
660 1110 766 1167 τάχα
790 1109 831 1155 δ’
854 1116 913 1162 εἰς
930 1108 1131 1154 Ἰαωλκὸν
1150 1113 1311 1165 ἵκανες,
1432 1123 1477 1155 40

156 1182 352 1234 Κηναίου
372 1177 413 1221 τ’
435 1181 591 1235 ἐπέβης
609 1181 910 1235 ναυσικλειτῆς
931 1176 1132 1234 Εὐβοίης.

155 1249 255 1302 στῆς
277 1244 321 1289 δ’
343 1248 413 1290 ἐπὶ
433 1246 645 1304 Ληλάντῳ
665 1249 822 1305 πεδίῳ·
854 1245 901 1290 τό
919 1264 984 1290 τοι
1007 1243 1085 1301 οὐχ
1105 1243 1183 1289 ἅδε
1201 1249 1333 1305 θυμῷ
1382 1250 1476 1299 [220]

155 1313 389 1367 τεύξασθαι
409 1314 516 1371 νηόν
536 1331 581 1357 τε
599 1315 672 1358 καὶ
691 1313 822 1358 ἄλσεα
843 1313 1119 1370 δενδρήεντα.

155 1386 287 1426 ἔνθεν
310 1380 351 1425 δ’
378 1380 573 1437 Εὔριπον
594 1381 771 1437 διαβὰς,
800 1379 1025 1438 ἑκατηβόλ’
1047 1380 1274 1435 Ἄπολλον,

153 1452 231 1505 βῆς
249 1447 322 1492 ἄν’
343 1447 442 1504 ὅρος
461 1449 619 1504 ζάθεον
639 1449 828 1505 χλωρόν·
856 1449 961 1505 τάχα
983 1446 1027 1492 δ’
1049 1446 1134 1502 ἷξες
1152 1446 1227 1492 ἄπ’
1248 1446 1383 1492 αὐτου
1433 1459 1476 1492 ⁴5

153 1518 196 1567 ἐς
216 1516 516 1573 Μυκαλησσὸν
536 1515 615 1561 ι’ων
634 1518 706 1561 καὶ
730 1516 983 1574 Τευμησσὸν
1001 1521 1239 1572 λεχεποίην.

154 1583 299 1641 Θήβης
321 1583 360 1628 δ’
388 1589 667 1641 εἰσαφίκανες
686 1588 782 1635 ἕδος
802 1586 1087 1642 καταειμένον
1105 1583 1210 1640 ὕλῃ·
1378 1586 1473 1636 [225]

152 1650 204 1696 οὐ
223 1652 304 1708 γάρ
324 1652 382 1696 τώ
401 1670 464 1703 τις
484 1657 600 1697 ἔναιε
619 1655 790 1709 βροτῶν
809 1655 904 1710 ἱερῇ
923 1654 987 1697 ἐνὶ
1007 1652 1143 1709 Θήβῃ,

153 1717 251 1764 οὐδ’
273 1718 357 1776 ἄρα
378 1737 444 1763 πω
464 1719 559 1764 τότε
580 1719 620 1776 γ’
643 1714 753 1777 ἦσαν
773 1718 1000 1777 άταρπιτοὶ
1027 1717 1129 1763 οὐδὲ
1150 1720 1354 1763 κέλευθοι

154 1786 299 1844 Θήβης
318 1785 376 1844 ἂμ
396 1791 549 1831 πεδίον
568 1788 846 1844 πυρηφόρον,
874 1785 971 1832 ἀλλ’
992 1793 1090 1843 ἔχεν
1108 1784 1202 1842 ὕλη.
1431 1797 1474 1830 50

153 1861 285 1899 ἔνθεν
306 1855 352 1899 δὲ
372 1857 566 1910 προτέρω
588 1861 719 1910 ἔκιες,
748 1853 978 1912 ἑκατηβόλ’
996 1854 1225 1903 ’'AacM-ov,

148 1918 381 1979 ’Όγχηστον
402 1921 444 1966 δ’
467 1920 571 1977 ἷξες,
602 1923 843 1979 Ποσιδήϊον
861 1921 1026 1979 ἀγλαὸν
1044 1920 1193 1972 ἄλσος·
1374 1923 1472 1974 [230]

153 1996 263 2035 ἔνθα
282 1988 466 2046 νεοδμὴς
485 1993 627 2041 πῶλος
645 1988 853 2034 ἀναπνέει
872 1988 1114 2046 ἀχθόμενός
1133 2006 1214 2043 περ

153 2062 292 2103 ἕλκων
311 2056 479 2115 ἅρματα
497 2057 626 2101 καλά·
654 2060 785 2114 χαμαὶ
805 2056 846 2101 δ’
868 2056 1022 2114 ἐλατὴρ
1042 2055 1206 2113 ἀγαθός
1226 2073 1306 2111 περ

152 2128 198 2170 ἐκ
220 2129 392 2181 δίφροιο
410 2124 561 2179 θορών
581 2123 685 2169 ὁδὸν
704 2131 892 2181 ἔρχεται·
917 2128 962 2168 οἱ
978 2124 1023 2168 δὲ
1042 2126 1146 2174 τέως
1165 2123 1245 2180 μὲν
1428 2135 1471 2167 55

152 2191 262 2237 κείν’
284 2191 384 2249 ὄχεα
404 2194 656 2247 κροτέουσιν
672 2190 935 2248 ἀνακτορίην
954 2189 1167 2247 ἀφιέντες.

153 2266 193 2305 εἰ
212 2262 263 2305 δέ
278 2279 354 2305 κεν
373 2257 529 2316 ἅρματ’
550 2257 715 2315 ἄγωσιν
735 2263 782 2305 ἐν
800 2257 924 2304 ἄλσει·
941 2258 1208 2316 δενδρήεντι,
1376 2262 1470 2309 [235]

153 2332 313 2378 ἵππους
331 2328 412 2385 μὲν
432 2329 656 2383 κομέουσι,
686 2326 736 2371 τὰ
757 2328 805 2372 δὲ
825 2333 1051 2377 κλίναντες
1070 2329 1218 2371 ἐῶσιν·
