1619 2556
175 115 224 152 64
607 125 648 155 V.
684 123 763 156 ΕΙΣ
787 123 1065 156 ΔΗΜΗΤΡΑΝ.

175 230 289 271 πᾶσα
309 228 355 272 δὲ
377 228 610 285 φύλλοισίν
630 246 674 271 τε
694 229 766 272 καὶ
784 226 971 272 ἄνθεσιν
992 225 1139 283 εὐρεῖα
1158 226 1282 284 χθων

175 294 316 351 ἔβρισ’
329 309 338 318 ·
366 293 392 353 ἡ
413 297 460 341 δὲ
479 299 635 341 κιοῦσα
653 295 986 353 θεμιστοπόλοις
1005 299 1261 352 βασιλεῦσιν

175 367 288 418 δεῖξε
301 399 311 415 ,
348 367 627 424 Τριπτολέμῳ
648 382 692 407 τε
713 371 896 409 Διοκλεῖ
912 381 958 408 τε
978 367 1222 423 πληξίππῳ,

174 429 411 488 Εὐμόλπου
430 450 475 477 τε
495 437 569 490 βίῃ
589 435 741 491 Κελεῷ
758 431 811 478 θ’
833 431 1008 490 ἡγήτορι
1029 435 1161 487 λαῶν,
1432 442 1500 478 475

175 500 484 557 δρησμοσύνην
502 499 553 546 θ’
575 503 729 563 ζερῶν,
759 503 829 545 καὶ
850 502 1098 556 ἐπέφραδεν
1119 499 1244 558 ὄργια
1267 502 1414 556 πᾶσιν,

174 567 331 625 σεμνὰ,
360 569 411 613 τά
430 567 471 612 τ’
491 566 639 620 οὔπως
659 570 748 613 ε’στὶ
767 572 1005 625 παρεξέμεν,
1027 575 1109 615 οὔτε
1129 569 1369 623 πυθέσθαι,

173 634 268 680 οὔτ’
290 633 454 693 άχέειν·
481 639 590 694 μέγα
611 636 692 694 γάρ
712 656 752 681 τι
770 639 892 682 θεῶν
910 634 1014 694 ἅγος
1034 636 1200 694 ἰσχάνει
1220 635 1373 695 αὐδήν.

172 703 340 761 ὄλβιος,
369 702 415 757 ὃς
434 703 532 749 τάδ’
554 704 732 750 ὄπωπεν
751 707 1018 762 ἐπιχθονίων
1038 702 1311 761 ἀνθρώπων·
1435 715 1502 750 480

172 770 218 824 ὃς
239 770 281 817 δ’
303 770 454 830 ἀτελὴς
475 776 628 830 ἱερῶν,
657 771 703 825 ὅς
727 771 767 817 τ’
788 771 1001 830 ἄμμορος,
1031 770 1193 818 οὔποθ’
1219 771 1375 830 ὁμοίως

172 841 303 886 αἶσαν
322 846 407 897 ἔχει
427 841 644 899 φθίμενός
663 859 744 897 περ
763 839 847 886 ὑπὸ
868 841 983 901 ζόφῳ
1005 839 1225 897 εὐρώεντι.

264 907 416 966 Αὐτὰρ
439 910 590 967 ἐπειδὴ
609 908 748 954 πάνθ’
770 908 1023 966 ὑπεθήκατο
1045 913 1116 955 δῖα
1135 909 1299 955 θεάων.

172 976 257 1034 βάν
277 975 321 1034 ῤ’
342 984 442 1035 ἴμεν
463 976 756 1036 Οὔλυμπόνδε
775 981 895 1023 θεῶν
913 976 1018 1035 μεθ’
1038 975 1253 1036 ὁμήγυριν
1272 976 1430 1022 ἄλλων.

172 1050 283 1090 ἔνθα
305 1045 350 1090 δὲ
370 1046 622 1091 ναιετάουσι
642 1048 775 1104 παραὶ
795 1051 876 1091 Διῒ
892 1046 1220 1106 τερπικεραύνῳ
1435 1057 1502 1093 485

172 1119 331 1171 σεμναί
346 1112 385 1157 τ’
406 1117 575 1160 αἰδοῑαί
589 1133 635 1159 τε
650 1128 659 1137 ·
694 1113 792 1172 μέγ’
813 1113 980 1171 ὄλβιος,
1009 1113 1061 1159 ὅν
1080 1113 1166 1159 τιν’
1188 1117 1351 1160 ἐκεῖναι

172 1185 457 1238 προφρονέως
475 1188 690 1239 φίλωνται
711 1185 979 1239 ἐπιχθονίων
997 1181 1261 1238 ἀνθρώπων.

172 1250 280 1301 αἶψα
301 1252 352 1295 δέ
368 1253 413 1296 οἱ
428 1252 674 1308 πέμπουσιν
695 1253 896 1307 ἐφέστιον
915 1254 958 1303 ἐς
977 1253 1086 1308 μέγα
1109 1254 1231 1307 δῶμα

172 1321 375 1363 Πλοῦτον
388 1354 397 1364 .
425 1316 471 1370 ὃς
489 1316 742 1379 ἀνθρώποις
762 1318 924 1375 ἄφενος
943 1326 1146 1377 θνητοῖσι
1169 1322 1363 1364 δίδωσιν.

272 1384 386 1431 Ἀλλ’
407 1385 480 1444 ἄγ’
498 1384 738 1439 Ἐλευσῖνος
756 1390 972 1444 θυοέσσης
994 1391 1132 1445 δῆμον
1151 1393 1338 1444 ἔχουσαι.
1434 1397 1502 1432 490

172 1455 244 1499 καὶ
264 1454 418 1511 Πάρον
439 1452 691 1513 ἀμφιρύτην
709 1454 936 1512 ’Ἀντρωνά
954 1474 999 1500 τε
1019 1455 1271 1513 πετρήεντα,

173 1522 350 1579 πότνια,
377 1521 642 1580 ἀγλαόδωρ’,
673 1522 896 1581 ὡρηφόρε.
929 1531 1044 1581 Δηοῖ
1062 1522 1245 1578 ἄνασσα,

172 1589 304 1645 αὐτὴ,
338 1592 410 1636 καὶ
432 1591 568 1649 κούρη
591 1592 851 1648 περικαλλὴς
875 1592 1192 1649 Περσεφόνεια,

172 1667 418 1716 πρόφρονες
439 1657 537 1703 ἀντ’
560 1658 674 1719 ᾠδῆς
694 1665 844 1717 βίοτον
861 1658 1053 1717 θυμήρε’
1075 1658 1260 1715 ὀπάζειν.

172 1725 309 1783 αὐτὰρ
330 1733 413 1784 ε’γω
435 1729 507 1772 καὶ
526 1739 617 1773 σεῖο
637 1730 708 1772 καὶ
728 1727 859 1785 ἄλλης
879 1726 1066 1786 μνήσομ’
1089 1726 1249 1784 άοιδῆς.
1435 1735 1502 1770 495

175 1870 420 1923 Τριπτολέμῳ
442 1884 498 1908 τε.
538 1871 756 1922 Πολυξείνῳ
778 1865 827 1910 τ’.
860 1869 921 1909 ἐπὶ
946 1874 1025 1915 τοῖς
1048 1868 1088 1909 δὲ
1112 1871 1273 1908 Διοκλεῖ
1436 1872 1500 1908 477
