1619 2556
518 126 559 158 V.
595 125 675 158 ΕΙΣ
704 125 981 158 ΔΗΜΗΤΡΑΝ.

723 247 772 288 V.

554 338 635 370 ΕΙΣ
661 338 939 370 ΔΗΜΗΤΡΑΝ.

185 427 383 488 Δήμητρ’
406 428 619 488 ἠύκομον,
650 431 814 488 σεμνὴν
835 432 944 476 θεὸν
958 468 967 484 ,
996 432 1151 490 ἄρχομ’
1171 433 1350 490 ἀείδειν,

85 494 222 554 αὐτὴν
242 496 317 555 ἠδὲ
336 498 537 555 θύγατρα
553 499 863 556 τανύσφυρον,
893 497 947 557 ἣν
964 499 1195 555 Ἀϊδωνεὺς

85 564 297 646 ἥρπαξεν
326 570 467 610 δωκεν
487 567 534 612 δε
554 567 833 624 βαρύκτυπος
854 566 1047 623 εύρυόπα
1067 570 1189 626 Ζευς,

60 640 62 643 ’
85 632 242 690 νόσφιν
260 632 490 691 Δήμητρος
508 635 776 691 χρυσαόρου,
805 633 1147 710 άγλαοκάρπου,.

83 706 319 755 παίζουσαν
343 702 524 760 κούρῃσι
545 702 628 747 σὺν
645 702 855 748 ’.Ωκεανοῦ
872 696 1184 763 βαθυκόλποις,

81 767 222 814 ανθεά
240 766 280 813 τ’
301 773 563 827 αἰνυμένην,
594 771 701 828 ρόδα
721 773 793 816 καὶ
812 771 971 828 κρόκον
993 771 1062 830 ἠδ’
1084 781 1128 819 ἰα
1153 775 1263 820 καλὰ

80 835 258 893 λειμῶν’
282 834 339 898 ἅμ
359 837 554 898 μαλακὸν
574 842 645 885 καὶ
664 837 899 895 ἀγαλλίδας
918 838 973 898 ἠδ
980 838 989 854 '
1010 838 1229 887 ὑάκινθον

79 908 315 966 νάρκισσόν
333 907 400 959 θ’,
430 907 481 953 ὃν
500 915 634 966 ἔφυσε
656 908 785 953 δόλον
804 907 1077 954 καλυκώπιδι
1097 911 1233 969 κούρῃ

79 982 190 1023 Γαῖα
210 976 317 1028 Διὸς
336 980 521 1035 βουλῇσι
540 979 795 1034 χαριζομένη
816 979 1087 1035 Πολυδέκτῃ,

79 1043 335 1102 θαυμαστὸν
353 1046 580 1102 γανόωντα
593 1081 602 1099 ,
633 1047 763 1102 σέβας
784 1046 836 1089 δέ
851 1062 895 1088 τε
915 1048 1049 1090 πᾶσιν
1068 1049 1242 1091 ἰδέσθαι

78 1111 313 1164 ἀθανάτοις
333 1131 378 1156 τε
397 1121 520 1164 θεοῖς
539 1111 615 1170 ἠδὲ
640 1121 820 1170 θνητοῖς
840 1107 1113 1169 άνθρώποις·

77 1184 155 1226 τοῦ
173 1182 246 1225 καὶ
265 1178 349 1225 άπὸ
371 1183 486 1238 ῥίζης
507 1180 661 1226 ἑκατὸν
681 1181 790 1237 κάρα
811 1181 1087 1238 ἐξεπεφύκει·

77 1248 235 1306 κηώδει
259 1247 301 1293 δ’
323 1246 437 1306 ὀδμῇ
458 1253 541 1300 πᾶς
559 1247 600 1293 τ’
621 1246 806 1305 οὐρανὸς
828 1246 956 1305 εὐρύς
975 1248 1144 1304 ὕπερθε

77 1316 179 1374 γαῖά
198 1334 243 1360 τε
262 1314 364 1360 πᾶσ’
386 1319 589 1374 ἐγέλασσε
608 1318 680 1361 καὶ
699 1314 895 1374 ἁλμυρὸν
914 1318 1043 1375 οἶδμα
1063 1319 1299 1375 θαλάσσης.

76 1382 102 1442 ἡ
123 1382 167 1429 δ’
187 1382 271 1440 ἄρα
290 1383 545 1442 θαμβήσασ’
567 1382 751 1440 ὠρέξατο
771 1386 919 1441 χερσὶν
938 1383 1013 1442 ἅμ’
1034 1384 1164 1443 ἄμφω

76 1451 210 1496 καλὸν
229 1450 408 1509 ἄθυρμα
428 1458 602 1509 λαβεῖν·
630 1453 734 1509 χάνε
756 1452 803 1497 δὲ
823 1452 947 1509 χθών
967 1451 1207 1511 εὐρυάγυια

78 1519 249 1564 Νύσιον
266 1517 324 1576 ἂμ
344 1523 518 1572 πεδίον,
548 1523 601 1578 τῇ
620 1519 805 1577 ὄρουσεν
823 1520 928 1574 ἄναξ
950 1524 1250 1579 Πολυδέγμων

74 1592 222 1639 ἵπποις
241 1586 525 1644 ἀθανάτοισι,
556 1589 732 1676 Κρόνου
753 1589 1039 1646 πολυώνυμος
1058 1590 1160 1641 υιός.

74 1653 266 1712 ἁρπάξας
288 1654 330 1700 δ’
353 1655 570 1701 άέκουσαν
589 1659 659 1702 ε’πὶ
677 1659 926 1714 χρυσέοισιν
945 1655 1111 1713 ὄχοισιν

77 1723 147 1782 ἦγ’
171 1723 526 1782 ὀλοφυρομένην·
555 1724 704 1782 ἰάχησε
726 1723 768 1769 δ’
789 1723 862 1779 άρ’
885 1723 1017 1782 ορθια
1038 1730 1179 1807 φωνῇ

74 1794 311 1850 κεκλομένη
330 1794 493 1849 πατέρα
514 1797 739 1850 Κρονίδην
758 1791 927 1837 ὕπατον
948 1795 1019 1838 καὶ
1039 1792 1218 1850 άριστον

74 1859 182 1905 οὐδέ
196 1879 258 1912 τις
277 1858 516 1904 ἀθανάτων
536 1859 638 1905 οὐδὲ
657 1863 837 1917 θνητῶν
856 1859 1107 1916 ἀνθρώπων

75 1927 262 1985 ἤκουσεν
282 1932 432 1985 φωνῆς
446 1964 455 1981 ,
485 1926 585 1972 οὐδ’
606 1925 1074 1985 άγλαόκαρποι’Έλειαι
1087 1944 1096 1953 ·

75 2001 114 2040 εἰ
131 1994 188 2053 μὴ
206 2001 430 2053 Περσαίου
448 1995 648 2053 θυγάτηρ
668 1994 803 2040 άταλα
822 1999 1070 2052 φρονέουσα

74 2061 170 2108 ἄϊεν
190 2066 231 2118 ἐξ
252 2062 435 2120 ἄντρου,
460 2063 612 2120 Ἑκάτη
631 2064 1042 2122 λιπαροκρήδεμνος,

79 2130 233 2183 Ηέλιός
252 2151 297 2176 τε
316 2131 444 2188 ἅναξ,
466 2131 713 2187 Ὑπερίονος
733 2130 891 2188 άγλαός
909 2131 1014 2185 υίὸς,

74 2198 233 2256 κούρης
254 2202 515 2257 κεκλομένης
534 2201 698 2255 πατέρα
719 2204 964 2257 Κρονίδην·
993 2198 1015 2244 ὁ
1038 2201 1084 2245 δὲ
1104 2200 1264 2257 νόσφιν

74 2261 176 2323 ἧστο
194 2270 315 2312 θεῶν
334 2265 561 2312 ἀπάνευθε
580 2273 850 2326 πολυλλίστῳ
872 2269 937 2312 ε’νὶ
955 2271 1061 2326 νηῷ.

75 2338 281 2392 δέγμενος
301 2335 394 2390 ι”ερὰ
413 2335 523 2379 καλὰ
542 2335 659 2390 παρὰ
677 2339 855 2391 θνητῶν
876 2334 1138 2391 ἀνθρώπων.

140 2409 287 2441 Homnu
313 2410 452 2441 anm.
1104 2414 1123 2447 4

1360 119 1412 159 49

1366 1061 1406 1094 10

1366 1400 1404 1433 15

1359 1739 1402 1772 20

1356 2078 1399 2111 25
