1619 2556
514 102 574 135 VI.
610 102 692 134 ΕΙΣ
717 101 1014 134 ΑΦΡΟΔΙΤΗΝ.

736 255 806 296 VI.

566 347 648 379 ΕΙΣ
673 345 969 378 ΑΦΡΟΔΙΤΗΝ.

204 445 392 498 Αίδοίην
415 443 773 498 χρυσοστέφανον
792 439 930 496 καλὴν
951 439 1212 498 Ἀφροδίτην

100 507 257 568 ᾄσομαι
272 544 283 565 ,
312 507 497 566 ἣπάσης
518 508 705 566 Κύπρου
724 507 946 564 κρήδεμνα
967 511 1171 565 λέλογχεν

62 631 65 633 ¹
101 581 314 634 εἰναλίης,
345 576 418 621 ὅθι
439 595 515 634 μιν
535 576 741 634 Ζεφύρου
760 578 888 633 μένος
908 572 1046 633 ὑγρὸν
1065 574 1216 629 άέντος

98 643 274 701 ἤνεικεν
292 644 400 689 κατὰ
420 647 535 701 κῦμα
555 649 897 701 πολυφλοίσβοιο
922 643 1145 701 θαλάσσης

99 711 229 771 ἀφρῷ
249 718 313 758 ἔνι
331 715 512 771 μαλακῷ
526 726 534 734 ·
562 712 642 770 τὴν
664 713 710 757 δὲ
730 710 1038 768 χρυσάμπυκες
1052 706 1179 769 Ὧραι

101 778 272 834 δέξαντ’
293 778 516 831 ἀσπασίως
530 816 540 835 ,
570 781 669 837 περὶ
691 777 733 824 δ’
754 778 950 837 ἄμβροτα
970 783 1123 837 εἵματα
1143 783 1294 825 ἕσσαν·

279 845 426 865 222>

98 849 224 903 κρατὶ
245 851 271 892 δ
310 866 362 892 επ
401 847 610 907 αθανάτῳ
632 847 854 904 στεφάνην
871 845 1084 907 εὔτυκτον
1104 853 1271 906 ἔθηκαν

99 915 260 972 καλὴν,
289 921 519 973 χρυσείην·
547 918 594 961 έν
615 916 662 961 δὲ
682 926 876 972 τρητοῖσι
896 920 1093 972 λοβοῖσιν

99 981 262 1041 ἄνθεμ’
284 981 540 1041 ὀρειχάλκου
559 983 738 1041 χρυσοῖό
756 1002 802 1027 τε
821 982 1045 1040 τιμήεντος
1058 998 1067 1006 ·

100 1054 225 1109 δειρῇ
245 1048 290 1095 δ’
310 1049 421 1109 ἄμφ’
445 1049 592 1109 ἁπαλῇ
611 1053 684 1096 καὶ
702 1051 914 1108 στήθεσιν
933 1048 1223 1108 ἀργυφέοισιν

98 1117 270 1176 ὅρμοισι
290 1121 539 1176 χρυσέοισιν
559 1119 788 1176 ἐκόσμεον,
817 1115 908 1163 οἷσί
923 1135 1004 1175 περ
1026 1118 1153 1164 αὐταὶ

94 1180 219 1244 Ὧραι
239 1193 510 1245 κοσμείσθην
529 1187 857 1245 χρυσάμπυκες,
884 1184 1042 1231 ὁππότ’
1064 1195 1173 1233 ἰόιεν

99 1257 141 1306 ἐς
159 1254 290 1311 χορὸν
310 1254 536 1312 ἱμερόεντα
555 1258 677 1300 θεῶν
696 1256 768 1299 καὶ
790 1253 964 1311 δώματα
988 1255 1160 1312 πατρός.

98 1319 236 1379 αὐτὰρ
258 1322 409 1380 ἐπειδὴ
429 1322 570 1367 πάντα
590 1325 689 1379 περὶ
708 1327 807 1379 χροῒ
823 1322 985 1380 κόσμον
1006 1328 1188 1380 ἔθηκαν,

102 1385 206 1448 ἦγον
225 1393 268 1442 ἐς
287 1388 557 1442 ἀθανάτους·
588 1394 631 1435 οί
649 1389 691 1435 δ’
713 1389 950 1447 ἠσπάζοντο
970 1390 1138 1443 ἰδόντες

98 1463 223 1515 χερσί
237 1456 277 1502 τ’
299 1457 552 1512 ἐδεξιόωντο
572 1460 644 1503 καὶ
665 1456 879 1515 ἠρήσαντο
899 1460 1078 1510 ἕκαστος

99 1526 211 1570 εἶναι
230 1530 460 1583 κουριδίην
479 1525 638 1583 ἄλοχον
658 1528 730 1570 καὶ
749 1523 893 1570 οἴκαδ’
915 1523 1116 1582 ἄγεσθαι,

99 1593 213 1645 εἶδος
231 1593 529 1651 θαυμάζοντες
549 1594 812 1650 ἰοστεφάνου
831 1598 1092 1651 Κυθερείης.

1380 93 1429 132 65

1394 1067 1431 1098 10

1391 1404 1430 1436 15

199 1660 332 1717 Χαῖρ’
354 1663 679 1718 ἑλικοβλέφαρε,
704 1667 1031 1719 γλυκυμείλιχε·
1064 1661 1137 1713 δὸς
1159 1660 1203 1707 δ’
1225 1665 1273 1707 ἐν
1292 1660 1425 1719 ἀγῶνι

97 1734 226 1786 νίκην
244 1732 357 1788 τῷδε
377 1731 593 1786 φέρεσθαι
606 1765 616 1784 ,
648 1728 756 1786 ἐμὴν
777 1732 803 1773 δ
809 1727 1025 1774 ’ἔντυνον
1044 1728 1210 1787 ἀοιδήν.

98 1794 235 1853 αὐτὰρ
256 1795 340 1854 ἐγώ
361 1798 433 1841 καὶ
453 1807 544 1841 σεῖο
565 1798 637 1841 καὶ
657 1795 788 1854 ἄλλης
807 1795 994 1854 μνήσομ’
1016 1794 1175 1854 ἀοιδῆς.

164 2378 314 2411 Homnu
343 2380 484 2412 vam.
1133 2384 1155 2417 ξ)

1385 1742 1432 1775 20
