1619 2556
437 127 483 158 11.
508 127 590 159 ΕΙΣ
613 125 885 158 ΑΠΟΛΛΩΝΑ
905 124 1111 157 ΠΤΘΙΟΝ.
1386 118 1433 154 13

109 240 280 275 κτεῖνεν
299 228 430 285 ἅναξ,
462 229 570 282 Διὸς
590 229 705 283 υίὸς,
733 229 817 274 ἀπὸ
840 239 1066 286 κρατεροῖο
1086 234 1215 285 βιοῖο,

109 304 345 355 ζατρεφεα,
369 299 585 356 μεγάλην,
614 300 739 356 τέρας
757 297 933 355 ἄγριον,
960 295 986 354 ἣ
1005 296 1117 341 κακὰ
1137 296 1274 342 πολλὰ

109 364 374 422 ἀνθρώπους
393 370 601 422 ἔρδεσκεν
621 369 691 412 ἐπὶ
710 367 862 424 χθονὶ,
894 364 1030 410 πολλὰ
1050 365 1130 422 μὲν
1149 363 1322 420 αὐτοὺς,
1373 378 1434 411 125

108 433 246 479 πολλὰ
268 433 314 479 δὲ
334 437 447 491 μῆλα
466 433 728 491 ταναύποδ’,
761 436 854 480 ἐπεὶ
878 438 981 479 πέλε
1000 436 1119 490 πῆμα
1139 432 1365 490 δαφοινόν.

110 505 202 557 [καί
215 519 319 547 ποτε
340 505 550 560 δεξαμένη
570 502 874 560 χρυσοθρόνου
894 500 1220 559 ἔτρεφενἽῚρης
1337 504 1435 557 [305]

109 570 256 615 δεινόν
275 567 318 615 τ’
337 568 552 628 ἀργαλέον
571 589 616 615 τε
643 571 874 628 Τυφάονα,
904 573 1023 627 πῆμα
1042 575 1286 626 βροτοῖσιν·

47 640 49 642 ’
106 636 158 682 ὅν
176 636 275 683 ποτ’
295 636 491 696 ἅρ’“Ηρη
512 645 648 685 ἔτικτε
667 641 948 697 χολωσαμένη
968 643 1048 682 Διὶ·
1065 640 1209 695 πατρὶ,

108 700 200 751 εὖτ’
221 705 304 763 ἄρα
326 705 379 764 δὴ
399 711 618 764 Κρονίδης
639 709 843 762 ἐρικυδέα
863 704 1029 764 γείνατ’
1057 704 1247 764 Ἀθήνην
1370 720 1435 754 130

108 776 154 819 ἐκ
173 778 390 832 κορυφῆς’
418 773 444 833 ἡ
466 774 509 820 δ’
530 775 637 827 αἶψα
657 775 877 833 χολώσατο
897 774 1053 819 πότνια
1069 773 1196 833 ’Ἠρη.

108 840 185 899 ἠδὲ
203 844 276 888 καὶ
297 841 574 901 ἀγρομένοισι
592 842 686 901 μετ’
708 842 998 889 ἀθανάτοισιν
1017 847 1152 887 ἔειπε·
1339 848 1432 899 [310]

208 913 407 957 Κέκλυτέ
422 930 525 968 μευ,
555 912 713 964 πάντες
732 931 778 956 τε
797 907 895 956 θεοὶ
914 914 1052 956 πᾶσαί
1066 930 1112 955 τε
1131 913 1325 968 θέαιναι,

108 976 164 1030 ὡς
184 977 253 1037 ἔμ’
274 977 495 1037 ἀτιμάζειν
514 977 636 1037 ἄρχει
655 981 976 1037 νεφεληγερέτα
995 978 1106 1031 Ζεὺς

107 1049 296 1104 πρῶτος,
328 1050 426 1092 ἐπεί
440 1047 488 1105 μ’
510 1046 670 1105 ἄλοχον
689 1047 897 1106 ποιήσατο
917 1045 1040 1091 κέδν’
1064 1050 1256 1092 εἰδυῖαν·
1371 1059 1433 1094 135

106 1116 179 1160 καὶ
195 1118 281 1160 νῦν
300 1115 461 1172 νόσφιν
481 1118 597 1173 ε’μεῑο
617 1118 713 1162 τέκε
732 1119 991 1173 γλαυκῶπιν
1007 1114 1212 1173 Ἀθήνην,

108 1181 132 1240 ἣ
150 1186 283 1228 πᾶσιν
303 1183 543 1241 μακάρεσσι
561 1186 826 1242 μεταπρέπει
846 1182 1156 1229 ἀθανάτοισιν·
1338 1188 1430 1239 [315]

105 1249 243 1308 αὐτὰρ
260 1250 331 1309 ὅγ’
351 1249 569 1309 ἠπεδανὸς
584 1254 767 1309 γέγονεν
785 1251 892 1310 μετὰ
911 1255 1017 1297 πᾶσι
1036 1260 1181 1297 θεοῖσι

105 1330 206 1371 παῖς
225 1317 593 1377 ἐμὸςἽῚφαιστος,
622 1320 771 1378 ῥικνὸς
790 1320 948 1376 πόδας,
975 1319 1027 1364 ὃν
1047 1322 1174 1365 τέκον
1193 1318 1322 1377 αὐτή·

375 1387 393 1407 *
668 1389 685 1409 *
960 1394 979 1416 *

107 1452 201 1510 ρίψ’
223 1452 307 1499 ἀνα
326 1458 476 1513 χερσὶν
495 1459 652 1502 ἑλοῦσα
671 1459 744 1502 καὶ
761 1463 954 1515 ἔμβαλον
974 1455 1097 1514 εὐρέι·
1112 1456 1259 1516 πόντῳ
1272 1470 1281 1479 ·
1337 1506 1340 1512 ,
1370 1468 1433 1501 140

105 1520 212 1566 ἀλλά
232 1524 253 1568 ἑ
268 1528 446 1582 Νηρῆος
463 1525 665 1583 θυγάτηρ
687 1527 811 1577 Θέτις
831 1523 1104 1583 ἀργυρόπεζα

107 1593 255 1644 δέξατο
275 1593 348 1636 καὶ
366 1592 473 1649 μετὰ
490 1587 565 1651 ᾗσι
584 1593 870 1652 κασιγνήτῃσι
889 1593 1108 1652 κόμισσεν.
1334 1595 1429 1646 [320]

105 1656 161 1710 ὦς
179 1657 308 1716 ὄφελ’
329 1658 434 1706 ἄλλο
453 1668 598 1707 θεοῖσι
617 1668 871 1719 χαρίζεσθαι
890 1660 1142 1720 μακάρεσσι.

104 1729 292 1784 σχέτλιε,
321 1733 629 1788 ποικιλομῆτα,
658 1736 704 1775 τί
718 1733 803 1775 νῦν
823 1734 885 1775 ἔτι
903 1729 1059 1788 μήσεαι
1078 1727 1206 1781 ἄλλος

105 1799 193 1847 πῶς
212 1800 334 1853 ἔτλης
352 1796 441 1849 οἶος
457 1800 624 1842 τεκέειν
645 1796 920 1855 γλαυκωπιδ’
948 1796 1160 1855 ’Λθήνηνς
1366 1809 1430 1842 145

104 1861 183 1908 οὐκ
202 1860 258 1908 ἂν
276 1862 360 1921 ε’γω
379 1865 588 1923 τεκόμην;
609 1868 682 1911 καὶ
700 1865 754 1924 σὴ
772 1868 1014 1923 κεκλημένη
1035 1870 1170 1922 ἔμπης

105 1925 158 1989 ἦν
177 1930 250 1989 ἄρ’
270 1935 319 1977 ἐν
338 1930 649 1990 ἀθανάτοισιν,
680 1940 725 1979 οἳ
739 1932 930 1991 οὐρανὸν
950 1931 1086 1990 εὐρὺν
1105 1938 1262 1991 ἔχουσι.
1334 1936 1429 1987 [325]

103 2000 263 2056 φράζεο
282 2004 386 2055 νῦν,
416 2001 474 2059 μή
491 2007 562 2047 τοί
576 2021 617 2047 τι
637 2001 774 2047 κακὸν
792 2000 992 2060 μητίσομ’
1015 1999 1193 2046 ὀπίσσω.
1324 2010 1384 2045 147
1396 2011 1429 2045 b.

103 2068 175 2112 καὶ
193 2071 278 2113 νῦν
296 2070 444 2126 μέντοι
465 2067 549 2127 ἐγώ
568 2069 828 2128 τεχνήσομαι
840 2105 850 2125 ,
881 2068 939 2122 ὥς
957 2088 1006 2115 κε
1024 2071 1203 2127 γένηται-

103 2147 204 2188 παῑς
224 2137 340 2194 ἐμοὶ,
369 2135 416 2189 ὅς
435 2156 484 2182 κε
501 2145 647 2184 θεοῖσι
671 2139 937 2196 μεταπρέποι
956 2136 1258 2194 ἀθανάτοισιν,

102 2201 203 2248 οὔτε
225 2202 304 2248 σὸν
322 2204 554 2262 αἰσχύνασ’
577 2205 696 2263 ἱερὸν
715 2209 835 2263 λέχος
857 2203 953 2250 οὔτ’
974 2205 1078 2263 ἐμὸν
1098 2203 1242 2262 αὐτῆς.
1366 2217 1430 2249 150

103 2270 211 2317 οὐδέ
225 2290 290 2317 τοι
310 2277 371 2324 εἰς
390 2271 525 2332 εὐνὴν
543 2273 819 2332 πωλήσομαι,
849 2272 946 2319 ἀλλ’
967 2271 1052 2318 ἀπὸ
1071 2285 1163 2319 σεῖο

105 2339 293 2398 τηλόθεν
314 2333 423 2386 οὖσα
446 2349 593 2389 θεοῖσι
611 2344 869 2400 μετέσσομαι
889 2340 1188 2386 ἀθανάτοισιν,
1328 2343 1425 2394 [330]
