<?xml version="1.0" encoding="UTF-8"?>
<!DOCTYPE html PUBLIC "-//W3C//DTD XHTML 1.0 Transitional//EN"
    "http://www.w3.org/TR/xhtml1/DTD/xhtml1-transitional.dtd">
<html xmlns="http://www.w3.org/1999/xhtml" xml:lang="en" lang="en">
 <head>
  <title>
</title>
<meta http-equiv="Content-Type" content="text/html;charset=utf-8" />
  <meta name='ocr-system' content='tesseract 3.04.00' />
  <meta name='ocr-capabilities' content='ocr_page ocr_carea ocr_par ocr_line ocrx_word'/>
</head>
<body>
  <div class='ocr_page' id='page_1' title='image "./hymnihomericiacc00homeuoft_0007.png"; bbox 0 0 1619 2556; ppageno 0'>
   <div class='ocr_carea' id='block_1_1' title="bbox 533 436 1008 491">
    <p class='ocr_par' dir='ltr' id='par_1_1' title="bbox 533 436 1008 491">
     <span class='ocr_line' id='line_1_1' title="bbox 533 436 1008 491; baseline -0.006 0"><span class='ocrx_word' id='word_1_1' title='bbox 533 436 1008 491; x_wconf 87' lang='lat' dir='ltr'><strong>PRAEFATIO.</strong></span> 
     </span>
    </p>
   </div>
   <div class='ocr_carea' id='block_1_2' title="bbox 96 605 1438 2382">
    <p class='ocr_par' dir='ltr' id='par_1_2' title="bbox 97 605 1438 2328">
     <span class='ocr_line' id='line_1_2' title="bbox 216 605 1435 658; baseline -0.001 -13"><span class='ocrx_word' id='word_1_2' title='bbox 216 606 296 656; x_wconf 84' lang='lat' dir='ltr'><strong>Qui</strong></span> <span class='ocrx_word' id='word_1_3' title='bbox 319 606 468 645; x_wconf 83' lang='lat' dir='ltr'><strong>factum</strong></span> <span class='ocrx_word' id='word_1_4' title='bbox 489 607 551 654; x_wconf 88' lang='lat' dir='ltr'><strong>sit,</strong></span> <span class='ocrx_word' id='word_1_5' title='bbox 575 613 619 644; x_wconf 92' lang='lat' dir='ltr'><strong>ut</strong></span> <span class='ocrx_word' id='word_1_6' title='bbox 638 608 741 643; x_wconf 88' lang='lat' dir='ltr'><strong>inter</strong></span> <span class='ocrx_word' id='word_1_7' title='bbox 764 612 822 643; x_wconf 90' lang='lat' dir='ltr'><strong>tot</strong></span> <span class='ocrx_word' id='word_1_8' title='bbox 837 612 1051 658; x_wconf 86' lang='lat' dir='ltr'><strong>tantosque</strong></span> <span class='ocrx_word' id='word_1_9' title='bbox 1069 606 1175 643; x_wconf 88' lang='lat' dir='ltr'><strong>viros</strong></span> <span class='ocrx_word' id='word_1_10' title='bbox 1193 605 1343 653; x_wconf 88' lang='lat' dir='ltr'><strong>doctos,</strong></span> <span class='ocrx_word' id='word_1_11' title='bbox 1368 610 1435 658; x_wconf 86' lang='lat' dir='ltr'><strong>qui</strong></span> 
     </span>
     <span class='ocr_line' id='line_1_3' title="bbox 101 662 1436 713; baseline -0.001 -13"><span class='ocrx_word' id='word_1_12' title='bbox 101 662 338 701; x_wconf 84' lang='lat' dir='ltr'><strong>Homericos</strong></span> <span class='ocrx_word' id='word_1_13' title='bbox 360 676 448 701; x_wconf 90' lang='lat' dir='ltr'><strong>sese</strong></span> <span class='ocrx_word' id='word_1_14' title='bbox 473 663 728 713; x_wconf 88' lang='lat' dir='ltr'><strong>profitentur,</strong></span> <span class='ocrx_word' id='word_1_15' title='bbox 762 675 835 711; x_wconf 86' lang='lat' dir='ltr'><strong>ego</strong></span> <span class='ocrx_word' id='word_1_16' title='bbox 856 662 1101 712; x_wconf 89' lang='lat' dir='ltr'><strong>potissimum</strong></span> <span class='ocrx_word' id='word_1_17' title='bbox 1124 662 1363 700; x_wconf 78' lang='lat' dir='ltr'><strong>accesserim</strong></span> <span class='ocrx_word' id='word_1_18' title='bbox 1385 662 1436 699; x_wconf 90' lang='lat' dir='ltr'><strong>ad</strong></span> 
     </span>
     <span class='ocr_line' id='line_1_4' title="bbox 101 717 1436 768; baseline -0.001 -12"><span class='ocrx_word' id='word_1_19' title='bbox 101 717 350 757; x_wconf 87' lang='lat' dir='ltr'><strong>recensenda</strong></span> <span class='ocrx_word' id='word_1_20' title='bbox 383 719 484 756; x_wconf 86' lang='lat' dir='ltr'><strong>haec</strong></span> <span class='ocrx_word' id='word_1_21' title='bbox 518 718 713 765; x_wconf 79' lang='lat' dir='ltr'><strong>earmina,</strong></span> <span class='ocrx_word' id='word_1_22' title='bbox 752 731 854 768; x_wconf 89' lang='lat' dir='ltr'><strong>quae</strong></span> <span class='ocrx_word' id='word_1_23' title='bbox 886 719 918 755; x_wconf 91' lang='lat' dir='ltr'><strong>si</strong></span> <span class='ocrx_word' id='word_1_24' title='bbox 947 718 1075 755; x_wconf 88' lang='lat' dir='ltr'><strong>minus</strong></span> <span class='ocrx_word' id='word_1_25' title='bbox 1107 718 1230 767; x_wconf 90' lang='lat' dir='ltr'><strong>ipsius</strong></span> <span class='ocrx_word' id='word_1_26' title='bbox 1258 717 1436 765; x_wconf 90' lang='lat' dir='ltr'><strong>Homeri,</strong></span> 
     </span>
     <span class='ocr_line' id='line_1_5' title="bbox 103 772 1437 824; baseline 0.001 -13"><span class='ocrx_word' id='word_1_27' title='bbox 103 780 236 812; x_wconf 89' lang='lat' dir='ltr'><strong>tamen</strong></span> <span class='ocrx_word' id='word_1_28' title='bbox 265 774 506 811; x_wconf 85' lang='lat' dir='ltr'><strong>Homericae</strong></span> <span class='ocrx_word' id='word_1_29' title='bbox 535 774 648 824; x_wconf 83' lang='lat' dir='ltr'><strong>poesi</strong></span> <span class='ocrx_word' id='word_1_30' title='bbox 685 781 724 811; x_wconf 84' lang='lat' dir='ltr'><strong>et</strong></span> <span class='ocrx_word' id='word_1_31' title='bbox 757 780 990 823; x_wconf 86' lang='lat' dir='ltr'><strong>argumento</strong></span> <span class='ocrx_word' id='word_1_32' title='bbox 1024 780 1062 810; x_wconf 90' lang='lat' dir='ltr'><strong>et</strong></span> <span class='ocrx_word' id='word_1_33' title='bbox 1096 772 1256 810; x_wconf 89' lang='lat' dir='ltr'><strong>dicendi</strong></span> <span class='ocrx_word' id='word_1_34' title='bbox 1287 786 1437 824; x_wconf 87' lang='lat' dir='ltr'><strong>genere</strong></span> 
     </span>
     <span class='ocr_line' id='line_1_6' title="bbox 105 828 1436 880; baseline -0.001 -13"><span class='ocrx_word' id='word_1_35' title='bbox 105 829 301 867; x_wconf 83' lang='lat' dir='ltr'><strong>habentur</strong></span> <span class='ocrx_word' id='word_1_36' title='bbox 319 831 515 880; x_wconf 86' lang='lat' dir='ltr'><strong>proxima,</strong></span> <span class='ocrx_word' id='word_1_37' title='bbox 538 830 678 880; x_wconf 85' lang='lat' dir='ltr'><strong>paucis</strong></span> <span class='ocrx_word' id='word_1_38' title='bbox 701 829 843 866; x_wconf 82' lang='lat' dir='ltr'><strong>attinet</strong></span> <span class='ocrx_word' id='word_1_39' title='bbox 866 829 1082 879; x_wconf 84' lang='lat' dir='ltr'><strong>explicare.</strong></span> <span class='ocrx_word' id='word_1_40' title='bbox 1142 829 1248 867; x_wconf 85' lang='lat' dir='ltr'><strong>Nam</strong></span> <span class='ocrx_word' id='word_1_41' title='bbox 1268 828 1364 866; x_wconf 89' lang='lat' dir='ltr'><strong>inde</strong></span> <span class='ocrx_word' id='word_1_42' title='bbox 1386 829 1436 867; x_wconf 88' lang='lat' dir='ltr'><strong>ab</strong></span> 
     </span>
     <span class='ocr_line' id='line_1_7' title="bbox 101 883 1435 937; baseline 0 -15"><span class='ocrx_word' id='word_1_43' title='bbox 101 885 171 922; x_wconf 90' lang='lat' dir='ltr'><strong>illo</strong></span> <span class='ocrx_word' id='word_1_44' title='bbox 195 891 393 935; x_wconf 86' lang='lat' dir='ltr'><strong>tempore,</strong></span> <span class='ocrx_word' id='word_1_45' title='bbox 418 899 497 937; x_wconf 89' lang='lat' dir='ltr'><strong>quo</strong></span> <span class='ocrx_word' id='word_1_46' title='bbox 518 886 662 923; x_wconf 88' lang='lat' dir='ltr'><strong>almam</strong></span> <span class='ocrx_word' id='word_1_47' title='bbox 686 883 902 934; x_wconf 84' lang='lat' dir='ltr'><strong>Georgiam</strong></span> <span class='ocrx_word' id='word_1_48' title='bbox 924 885 1148 934; x_wconf 85' lang='lat' dir='ltr'><strong>Augustam</strong></span> <span class='ocrx_word' id='word_1_49' title='bbox 1173 884 1275 930; x_wconf 85' lang='lat' dir='ltr'><strong>adii,</strong></span> <span class='ocrx_word' id='word_1_50' title='bbox 1304 883 1435 922; x_wconf 81' lang='lat' dir='ltr'><strong>Frid.</strong></span> 
     </span>
     <span class='ocr_line' id='line_1_8' title="bbox 103 939 1436 990; baseline -0.001 -11"><span class='ocrx_word' id='word_1_51' title='bbox 103 939 235 979; x_wconf 86' lang='lat' dir='ltr'><strong>Guil.</strong></span> <span class='ocrx_word' id='word_1_52' title='bbox 271 940 710 979; x_wconf 86' lang='lat' dir='ltr'><strong>Schneidewinum</strong></span> <span class='ocrx_word' id='word_1_53' title='bbox 742 953 839 990; x_wconf 87' lang='lat' dir='ltr'><strong>prae</strong></span> <span class='ocrx_word' id='word_1_54' title='bbox 880 940 1024 977; x_wconf 89' lang='lat' dir='ltr'><strong>ceteris</strong></span> <span class='ocrx_word' id='word_1_55' title='bbox 1054 946 1198 978; x_wconf 85' lang='lat' dir='ltr'><strong>nactus</strong></span> <span class='ocrx_word' id='word_1_56' title='bbox 1233 953 1319 979; x_wconf 87' lang='lat' dir='ltr'><strong>sum</strong></span> <span class='ocrx_word' id='word_1_57' title='bbox 1353 953 1436 978; x_wconf 91' lang='lat' dir='ltr'><strong>mo—</strong></span> 
     </span>
     <span class='ocr_line' id='line_1_9' title="bbox 102 995 1434 1046; baseline 0 -13"><span class='ocrx_word' id='word_1_58' title='bbox 102 995 325 1034; x_wconf 86' lang='lat' dir='ltr'><strong>deratorem</strong></span> <span class='ocrx_word' id='word_1_59' title='bbox 356 996 574 1035; x_wconf 90' lang='lat' dir='ltr'><strong>studiorum</strong></span> <span class='ocrx_word' id='word_1_60' title='bbox 602 995 956 1046; x_wconf 89' lang='lat' dir='ltr'><strong>prudentissimum</strong></span> <span class='ocrx_word' id='word_1_61' title='bbox 984 1002 1024 1034; x_wconf 91' lang='lat' dir='ltr'><strong>et</strong></span> <span class='ocrx_word' id='word_1_62' title='bbox 1045 997 1083 1032; x_wconf 91' lang='lat' dir='ltr'><strong>in</strong></span> <span class='ocrx_word' id='word_1_63' title='bbox 1105 1009 1167 1033; x_wconf 89' lang='lat' dir='ltr'><strong>me</strong></span> <span class='ocrx_word' id='word_1_64' title='bbox 1189 995 1434 1034; x_wconf 88' lang='lat' dir='ltr'><strong>benevolen-</strong></span> 
     </span>
     <span class='ocr_line' id='line_1_10' title="bbox 99 1050 1437 1104; baseline 0 -15"><span class='ocrx_word' id='word_1_65' title='bbox 99 1052 315 1100; x_wconf 89' lang='lat' dir='ltr'><strong>tissimum,</strong></span> <span class='ocrx_word' id='word_1_66' title='bbox 353 1053 421 1104; x_wconf 88' lang='lat' dir='ltr'><strong>qui</strong></span> <span class='ocrx_word' id='word_1_67' title='bbox 450 1059 489 1090; x_wconf 92' lang='lat' dir='ltr'><strong>et</strong></span> <span class='ocrx_word' id='word_1_68' title='bbox 518 1052 692 1103; x_wconf 88' lang='lat' dir='ltr'><strong>publicis</strong></span> <span class='ocrx_word' id='word_1_69' title='bbox 725 1052 1082 1089; x_wconf 83' lang='lat' dir='ltr'><strong>exercitationibus</strong></span> <span class='ocrx_word' id='word_1_70' title='bbox 1114 1057 1154 1089; x_wconf 86' lang='lat' dir='ltr'><strong>et</strong></span> <span class='ocrx_word' id='word_1_71' title='bbox 1190 1050 1437 1090; x_wconf 84' lang='lat' dir='ltr'><strong>sermonibus</strong></span> 
     </span>
     <span class='ocr_line' id='line_1_11' title="bbox 103 1107 1438 1160; baseline 0 -15"><span class='ocrx_word' id='word_1_72' title='bbox 103 1107 330 1146; x_wconf 82' lang='lat' dir='ltr'><strong>domesticis</strong></span> <span class='ocrx_word' id='word_1_73' title='bbox 345 1109 464 1146; x_wconf 88' lang='lat' dir='ltr'><strong>miros</strong></span> <span class='ocrx_word' id='word_1_74' title='bbox 485 1107 678 1160; x_wconf 89' lang='lat' dir='ltr'><strong>quosdam</strong></span> <span class='ocrx_word' id='word_1_75' title='bbox 693 1107 757 1158; x_wconf 89' lang='lat' dir='ltr'><strong>(ut</strong></span> <span class='ocrx_word' id='word_1_76' title='bbox 773 1107 842 1144; x_wconf 88' lang='lat' dir='ltr'><strong>ille</strong></span> <span class='ocrx_word' id='word_1_77' title='bbox 860 1108 936 1156; x_wconf 89' lang='lat' dir='ltr'><strong>ait)</strong></span> <span class='ocrx_word' id='word_1_78' title='bbox 954 1109 1108 1145; x_wconf 85' lang='lat' dir='ltr'><strong>amores</strong></span> <span class='ocrx_word' id='word_1_79' title='bbox 1125 1108 1220 1144; x_wconf 91' lang='lat' dir='ltr'><strong>mihi</strong></span> <span class='ocrx_word' id='word_1_80' title='bbox 1243 1108 1438 1146; x_wconf 84' lang='lat' dir='ltr'><strong>excitavit</strong></span> 
     </span>
     <span class='ocr_line' id='line_1_12' title="bbox 100 1162 1437 1214; baseline 0 -14"><span class='ocrx_word' id='word_1_81' title='bbox 100 1163 286 1209; x_wconf 90' lang='lat' dir='ltr'><strong>Homeri,</strong></span> <span class='ocrx_word' id='word_1_82' title='bbox 313 1164 455 1214; x_wconf 87' lang='lat' dir='ltr'><strong>capitis</strong></span> <span class='ocrx_word' id='word_1_83' title='bbox 478 1177 525 1201; x_wconf 88' lang='lat' dir='ltr'><strong>ac</strong></span> <span class='ocrx_word' id='word_1_84' title='bbox 547 1164 670 1201; x_wconf 86' lang='lat' dir='ltr'><strong>fontis</strong></span> <span class='ocrx_word' id='word_1_85' title='bbox 693 1162 941 1202; x_wconf 81' lang='lat' dir='ltr'><strong>Graecarum</strong></span> <span class='ocrx_word' id='word_1_86' title='bbox 966 1163 1207 1210; x_wconf 88' lang='lat' dir='ltr'><strong>litterarum,</strong></span> <span class='ocrx_word' id='word_1_87' title='bbox 1236 1169 1358 1214; x_wconf 88' lang='lat' dir='ltr'><strong>atque</strong></span> <span class='ocrx_word' id='word_1_88' title='bbox 1385 1162 1437 1200; x_wconf 91' lang='lat' dir='ltr'><strong>ad</strong></span> 
     </span>
     <span class='ocr_line' id='line_1_13' title="bbox 99 1218 1436 1270; baseline 0 -14"><span class='ocrx_word' id='word_1_89' title='bbox 99 1218 206 1257; x_wconf 89' lang='lat' dir='ltr'><strong>hunc</strong></span> <span class='ocrx_word' id='word_1_90' title='bbox 242 1219 384 1257; x_wconf 87' lang='lat' dir='ltr'><strong>iterum</strong></span> <span class='ocrx_word' id='word_1_91' title='bbox 419 1220 644 1270; x_wconf 86' lang='lat' dir='ltr'><strong>iterumque</strong></span> <span class='ocrx_word' id='word_1_92' title='bbox 680 1218 930 1256; x_wconf 85' lang='lat' dir='ltr'><strong>tractandum</strong></span> <span class='ocrx_word' id='word_1_93' title='bbox 970 1225 1014 1256; x_wconf 88' lang='lat' dir='ltr'><strong>ut</strong></span> <span class='ocrx_word' id='word_1_94' title='bbox 1053 1232 1114 1256; x_wconf 89' lang='lat' dir='ltr'><strong>me</strong></span> <span class='ocrx_word' id='word_1_95' title='bbox 1151 1225 1436 1265; x_wconf 87' lang='lat' dir='ltr'><strong>converterem,</strong></span> 
     </span>
     <span class='ocr_line' id='line_1_14' title="bbox 101 1274 1435 1326; baseline 0 -14"><span class='ocrx_word' id='word_1_96' title='bbox 101 1281 239 1312; x_wconf 83' lang='lat' dir='ltr'><strong>auctor</strong></span> <span class='ocrx_word' id='word_1_97' title='bbox 261 1274 336 1312; x_wconf 90' lang='lat' dir='ltr'><strong>fuit</strong></span> <span class='ocrx_word' id='word_1_98' title='bbox 355 1276 628 1325; x_wconf 87' lang='lat' dir='ltr'><strong>gravissimus.</strong></span> <span class='ocrx_word' id='word_1_99' title='bbox 669 1275 722 1312; x_wconf 87' lang='lat' dir='ltr'><strong>Et</strong></span> <span class='ocrx_word' id='word_1_100' title='bbox 743 1287 860 1326; x_wconf 90' lang='lat' dir='ltr'><strong>quam</strong></span> <span class='ocrx_word' id='word_1_101' title='bbox 882 1274 1114 1312; x_wconf 87' lang='lat' dir='ltr'><strong>disserendo</strong></span> <span class='ocrx_word' id='word_1_102' title='bbox 1134 1274 1300 1312; x_wconf 88' lang='lat' dir='ltr'><strong>tradidit</strong></span> <span class='ocrx_word' id='word_1_103' title='bbox 1317 1274 1435 1312; x_wconf 86' lang='lat' dir='ltr'><strong>disei-</strong></span> 
     </span>
     <span class='ocr_line' id='line_1_15' title="bbox 98 1330 1436 1382; baseline 0 -14"><span class='ocrx_word' id='word_1_104' title='bbox 98 1330 205 1381; x_wconf 86' lang='lat' dir='ltr'><strong>pulis</strong></span> <span class='ocrx_word' id='word_1_105' title='bbox 225 1332 541 1382; x_wconf 81' lang='lat' dir='ltr'><strong>monstravitque</strong></span> <span class='ocrx_word' id='word_1_106' title='bbox 565 1332 691 1378; x_wconf 86' lang='lat' dir='ltr'><strong>viam,</strong></span> <span class='ocrx_word' id='word_1_107' title='bbox 726 1343 805 1381; x_wconf 87' lang='lat' dir='ltr'><strong>qua</strong></span> <span class='ocrx_word' id='word_1_108' title='bbox 836 1336 943 1368; x_wconf 86' lang='lat' dir='ltr'><strong>esset</strong></span> <span class='ocrx_word' id='word_1_109' title='bbox 973 1331 1014 1368; x_wconf 87' lang='lat' dir='ltr'><strong>in</strong></span> <span class='ocrx_word' id='word_1_110' title='bbox 1045 1330 1106 1368; x_wconf 90' lang='lat' dir='ltr'><strong>his</strong></span> <span class='ocrx_word' id='word_1_111' title='bbox 1131 1330 1272 1368; x_wconf 84' lang='lat' dir='ltr'><strong>studiis</strong></span> <span class='ocrx_word' id='word_1_112' title='bbox 1302 1331 1436 1380; x_wconf 86' lang='lat' dir='ltr'><strong>ingre-</strong></span> 
     </span>
     <span class='ocr_line' id='line_1_16' title="bbox 100 1385 1434 1438; baseline -0.001 -14"><span class='ocrx_word' id='word_1_113' title='bbox 100 1385 309 1432; x_wconf 84' lang='lat' dir='ltr'><strong>diendum,</strong></span> <span class='ocrx_word' id='word_1_114' title='bbox 343 1399 430 1424; x_wconf 90' lang='lat' dir='ltr'><strong>eam</strong></span> <span class='ocrx_word' id='word_1_115' title='bbox 461 1387 549 1438; x_wconf 89' lang='lat' dir='ltr'><strong>ipse</strong></span> <span class='ocrx_word' id='word_1_116' title='bbox 581 1386 764 1436; x_wconf 86' lang='lat' dir='ltr'><strong>exemplo</strong></span> <span class='ocrx_word' id='word_1_117' title='bbox 796 1386 970 1436; x_wconf 86' lang='lat' dir='ltr'><strong>praeivit</strong></span> <span class='ocrx_word' id='word_1_118' title='bbox 999 1386 1284 1438; x_wconf 87' lang='lat' dir='ltr'><strong>doctrinaeque</strong></span> <span class='ocrx_word' id='word_1_119' title='bbox 1313 1385 1434 1423; x_wconf 89' lang='lat' dir='ltr'><strong>docu-</strong></span> 
     </span>
     <span class='ocr_line' id='line_1_17' title="bbox 99 1440 1436 1493; baseline -0.001 -13"><span class='ocrx_word' id='word_1_120' title='bbox 99 1447 236 1480; x_wconf 89' lang='lat' dir='ltr'><strong>menta</strong></span> <span class='ocrx_word' id='word_1_121' title='bbox 262 1443 470 1493; x_wconf 87' lang='lat' dir='ltr'><strong>proposuit</strong></span> <span class='ocrx_word' id='word_1_122' title='bbox 498 1442 815 1480; x_wconf 87' lang='lat' dir='ltr'><strong>luculentissima</strong></span> <span class='ocrx_word' id='word_1_123' title='bbox 852 1441 1250 1479; x_wconf 87' lang='lat' dir='ltr'><strong>commentationibus</strong></span> <span class='ocrx_word' id='word_1_124' title='bbox 1280 1440 1436 1479; x_wconf 80' lang='lat' dir='ltr'><strong>duabus</strong></span> 
     </span>
     <span class='ocr_line' id='line_1_18' title="bbox 101 1496 1435 1549; baseline 0.001 -15"><span class='ocrx_word' id='word_1_125' title='bbox 101 1496 152 1535; x_wconf 92' lang='lat' dir='ltr'><strong>de</strong></span> <span class='ocrx_word' id='word_1_126' title='bbox 171 1497 329 1549; x_wconf 85' lang='lat' dir='ltr'><strong>hymnis</strong></span> <span class='ocrx_word' id='word_1_127' title='bbox 346 1498 572 1536; x_wconf 88' lang='lat' dir='ltr'><strong>Homericis</strong></span> <span class='ocrx_word' id='word_1_128' title='bbox 591 1498 826 1548; x_wconf 90' lang='lat' dir='ltr'><strong>conscriptis</strong></span> <span class='ocrx_word' id='word_1_129' title='bbox 849 1496 997 1547; x_wconf 88' lang='lat' dir='ltr'><strong>(altera</strong></span> <span class='ocrx_word' id='word_1_130' title='bbox 1012 1498 1163 1535; x_wconf 88' lang='lat' dir='ltr'><strong>inserta</strong></span> <span class='ocrx_word' id='word_1_131' title='bbox 1176 1496 1327 1535; x_wconf 88' lang='lat' dir='ltr'><strong>Studiis</strong></span> <span class='ocrx_word' id='word_1_132' title='bbox 1338 1496 1435 1536; x_wconf 83' lang='lat' dir='ltr'><strong>Got-</strong></span> 
     </span>
     <span class='ocr_line' id='line_1_19' title="bbox 99 1551 1437 1603; baseline 0.001 -13"><span class='ocrx_word' id='word_1_133' title='bbox 99 1553 347 1603; x_wconf 87' lang='lat' dir='ltr'><strong>tingensibus</strong></span> <span class='ocrx_word' id='word_1_134' title='bbox 375 1566 411 1591; x_wconf 87' lang='lat' dir='ltr'><strong>a.</strong></span> <span class='ocrx_word' id='word_1_135' title='bbox 436 1559 521 1594; x_wconf 81' lang='lat'>1847</span> <span class='ocrx_word' id='word_1_136' title='bbox 545 1553 682 1599; x_wconf 83' lang='lat' dir='ltr'><strong>editis,</strong></span> <span class='ocrx_word' id='word_1_137' title='bbox 711 1553 838 1590; x_wconf 86' lang='lat' dir='ltr'><strong>altera</strong></span> <span class='ocrx_word' id='word_1_138' title='bbox 867 1552 1071 1603; x_wconf 87' lang='lat' dir='ltr'><strong>Philologi</strong></span> <span class='ocrx_word' id='word_1_139' title='bbox 1093 1553 1184 1590; x_wconf 90' lang='lat' dir='ltr'><strong>Vol.</strong></span> <span class='ocrx_word' id='word_1_140' title='bbox 1203 1552 1298 1603; x_wconf 89' lang='grc' dir='ltr'>ΙΙΙ).</span> <span class='ocrx_word' id='word_1_141' title='bbox 1360 1551 1437 1591; x_wconf 83' lang='lat' dir='ltr'><strong>Cui</strong></span> 
     </span>
     <span class='ocr_line' id='line_1_20' title="bbox 99 1607 1437 1660; baseline 0.001 -15"><span class='ocrx_word' id='word_1_142' title='bbox 99 1609 186 1646; x_wconf 92' lang='lat' dir='ltr'><strong>viro</strong></span> <span class='ocrx_word' id='word_1_143' title='bbox 222 1610 384 1659; x_wconf 85' lang='lat' dir='ltr'><strong>egregie</strong></span> <span class='ocrx_word' id='word_1_144' title='bbox 419 1609 467 1646; x_wconf 88' lang='lat' dir='ltr'><strong>de</strong></span> <span class='ocrx_word' id='word_1_145' title='bbox 499 1622 562 1647; x_wconf 90' lang='lat' dir='ltr'><strong>me</strong></span> <span class='ocrx_word' id='word_1_146' title='bbox 596 1610 736 1646; x_wconf 90' lang='lat' dir='ltr'><strong>merito</strong></span> <span class='ocrx_word' id='word_1_147' title='bbox 767 1615 958 1660; x_wconf 87' lang='lat' dir='ltr'><strong>quantum</strong></span> <span class='ocrx_word' id='word_1_148' title='bbox 994 1607 1142 1646; x_wconf 89' lang='lat' dir='ltr'><strong>debere</strong></span> <span class='ocrx_word' id='word_1_149' title='bbox 1172 1621 1236 1645; x_wconf 84' lang='lat' dir='ltr'><strong>me</strong></span> <span class='ocrx_word' id='word_1_150' title='bbox 1266 1609 1437 1646; x_wconf 87' lang='lat' dir='ltr'><strong>sentiam</strong></span> 
     </span>
     <span class='ocr_line' id='line_1_21' title="bbox 101 1663 1436 1716; baseline 0 -15"><span class='ocrx_word' id='word_1_151' title='bbox 101 1677 219 1716; x_wconf 71' lang='lat' dir='ltr'><strong>qium</strong></span> <span class='ocrx_word' id='word_1_152' title='bbox 245 1677 377 1702; x_wconf 88' lang='lat' dir='ltr'><strong>coram</strong></span> <span class='ocrx_word' id='word_1_153' title='bbox 402 1666 509 1716; x_wconf 86' lang='lat' dir='ltr'><strong>ipso,</strong></span> <span class='ocrx_word' id='word_1_154' title='bbox 541 1664 632 1703; x_wconf 89' lang='lat' dir='ltr'><strong>dum</strong></span> <span class='ocrx_word' id='word_1_155' title='bbox 662 1665 703 1702; x_wconf 90' lang='lat' dir='ltr'><strong>in</strong></span> <span class='ocrx_word' id='word_1_156' title='bbox 724 1664 827 1702; x_wconf 90' lang='lat' dir='ltr'><strong>vivis</strong></span> <span class='ocrx_word' id='word_1_157' title='bbox 852 1671 958 1710; x_wconf 88' lang='lat' dir='ltr'><strong>erat,</strong></span> <span class='ocrx_word' id='word_1_158' title='bbox 986 1677 1188 1715; x_wconf 84' lang='lat' dir='ltr'><strong>nunquam</strong></span> <span class='ocrx_word' id='word_1_159' title='bbox 1213 1663 1436 1703; x_wconf 88' lang='lat' dir='ltr'><strong>dissimula-</strong></span> 
     </span>
     <span class='ocr_line' id='line_1_22' title="bbox 100 1720 1434 1772; baseline -0.001 -15"><span class='ocrx_word' id='word_1_160' title='bbox 100 1720 245 1766; x_wconf 87' lang='lat' dir='ltr'><strong>verim,</strong></span> <span class='ocrx_word' id='word_1_161' title='bbox 272 1733 324 1758; x_wconf 90' lang='lat' dir='ltr'><strong>ne</strong></span> <span class='ocrx_word' id='word_1_162' title='bbox 348 1733 415 1758; x_wconf 88' lang='lat' dir='ltr'><strong>eos</strong></span> <span class='ocrx_word' id='word_1_163' title='bbox 437 1720 598 1772; x_wconf 89' lang='lat' dir='ltr'><strong>quidem</strong></span> <span class='ocrx_word' id='word_1_164' title='bbox 621 1721 688 1772; x_wconf 89' lang='lat' dir='ltr'><strong>qui</strong></span> <span class='ocrx_word' id='word_1_165' title='bbox 712 1720 811 1757; x_wconf 89' lang='lat' dir='ltr'><strong>haec</strong></span> <span class='ocrx_word' id='word_1_166' title='bbox 834 1720 976 1757; x_wconf 84' lang='lat' dir='ltr'><strong>lecturi</strong></span> <span class='ocrx_word' id='word_1_167' title='bbox 1000 1721 1079 1758; x_wconf 90' lang='lat' dir='ltr'><strong>sint</strong></span> <span class='ocrx_word' id='word_1_168' title='bbox 1101 1721 1287 1771; x_wconf 86' lang='lat' dir='ltr'><strong>ignorare</strong></span> <span class='ocrx_word' id='word_1_169' title='bbox 1311 1720 1434 1757; x_wconf 89' lang='lat' dir='ltr'><strong>volui.</strong></span> 
     </span>
     <span class='ocr_line' id='line_1_23' title="bbox 100 1775 1434 1827; baseline -0.001 -13"><span class='ocrx_word' id='word_1_170' title='bbox 100 1775 183 1822; x_wconf 84' lang='lat' dir='ltr'><strong>Sed</strong></span> <span class='ocrx_word' id='word_1_171' title='bbox 206 1783 348 1813; x_wconf 83' lang='lat' dir='ltr'><strong>exacto</strong></span> <span class='ocrx_word' id='word_1_172' title='bbox 373 1775 637 1826; x_wconf 88' lang='lat' dir='ltr'><strong>quadriennio</strong></span> <span class='ocrx_word' id='word_1_173' title='bbox 659 1782 923 1827; x_wconf 88' lang='lat' dir='ltr'><strong>posteaquam</strong></span> <span class='ocrx_word' id='word_1_174' title='bbox 945 1776 1084 1827; x_wconf 89' lang='lat' dir='ltr'><strong>spatiis</strong></span> <span class='ocrx_word' id='word_1_175' title='bbox 1107 1776 1353 1813; x_wconf 84' lang='lat' dir='ltr'><strong>Academiae</strong></span> <span class='ocrx_word' id='word_1_176' title='bbox 1372 1788 1434 1813; x_wconf 90' lang='lat' dir='ltr'><strong>re-</strong></span> 
     </span>
     <span class='ocr_line' id='line_1_24' title="bbox 99 1830 1435 1883; baseline 0 -15"><span class='ocrx_word' id='word_1_177' title='bbox 99 1831 204 1869; x_wconf 90' lang='lat' dir='ltr'><strong>lictis</strong></span> <span class='ocrx_word' id='word_1_178' title='bbox 227 1838 548 1883; x_wconf 87' lang='lat' dir='ltr'><strong>praeparatoque</strong></span> <span class='ocrx_word' id='word_1_179' title='bbox 569 1833 711 1869; x_wconf 89' lang='lat' dir='ltr'><strong>itinere</strong></span> <span class='ocrx_word' id='word_1_180' title='bbox 728 1830 885 1870; x_wconf 84' lang='lat' dir='ltr'><strong>Graeco</strong></span> <span class='ocrx_word' id='word_1_181' title='bbox 905 1831 1059 1869; x_wconf 83' lang='lat' dir='ltr'><strong>accessi</strong></span> <span class='ocrx_word' id='word_1_182' title='bbox 1081 1831 1131 1869; x_wconf 89' lang='lat' dir='ltr'><strong>ad</strong></span> <span class='ocrx_word' id='word_1_183' title='bbox 1151 1831 1243 1869; x_wconf 88' lang='lat' dir='ltr'><strong>loca</strong></span> <span class='ocrx_word' id='word_1_184' title='bbox 1259 1831 1331 1869; x_wconf 88' lang='lat' dir='ltr'><strong>illa</strong></span> <span class='ocrx_word' id='word_1_185' title='bbox 1348 1844 1435 1869; x_wconf 90' lang='lat' dir='ltr'><strong>cum</strong></span> 
     </span>
     <span class='ocr_line' id='line_1_25' title="bbox 98 1886 1437 1938; baseline 0.001 -14"><span class='ocrx_word' id='word_1_186' title='bbox 98 1887 272 1938; x_wconf 90' lang='lat' dir='ltr'><strong>ipsorum</strong></span> <span class='ocrx_word' id='word_1_187' title='bbox 302 1888 542 1925; x_wconf 82' lang='lat' dir='ltr'><strong>amoenitate</strong></span> <span class='ocrx_word' id='word_1_188' title='bbox 575 1887 810 1937; x_wconf 82' lang='lat' dir='ltr'><strong>conspicua,</strong></span> <span class='ocrx_word' id='word_1_189' title='bbox 842 1893 924 1925; x_wconf 89' lang='lat' dir='ltr'><strong>tum</strong></span> <span class='ocrx_word' id='word_1_190' title='bbox 954 1887 1115 1925; x_wconf 85' lang='lat' dir='ltr'><strong>summis</strong></span> <span class='ocrx_word' id='word_1_191' title='bbox 1135 1886 1254 1925; x_wconf 89' lang='lat' dir='ltr'><strong>rebus</strong></span> <span class='ocrx_word' id='word_1_192' title='bbox 1273 1900 1345 1938; x_wconf 89' lang='lat' dir='ltr'><strong>per</strong></span> <span class='ocrx_word' id='word_1_193' title='bbox 1365 1887 1437 1925; x_wconf 89' lang='lat' dir='ltr'><strong>tri-</strong></span> 
     </span>
     <span class='ocr_line' id='line_1_26' title="bbox 98 1942 1436 1994; baseline 0 -14"><span class='ocrx_word' id='word_1_194' title='bbox 98 1943 210 1992; x_wconf 87' lang='lat' dir='ltr'><strong>ginta</strong></span> <span class='ocrx_word' id='word_1_195' title='bbox 226 1943 389 1981; x_wconf 89' lang='lat' dir='ltr'><strong>saecula</strong></span> <span class='ocrx_word' id='word_1_196' title='bbox 405 1944 529 1993; x_wconf 88' lang='lat' dir='ltr'><strong>gestis</strong></span> <span class='ocrx_word' id='word_1_197' title='bbox 540 1942 764 1989; x_wconf 87' lang='lat' dir='ltr'><strong>nobilitata,</strong></span> <span class='ocrx_word' id='word_1_198' title='bbox 780 1956 858 1980; x_wconf 91' lang='lat' dir='ltr'><strong>non</strong></span> <span class='ocrx_word' id='word_1_199' title='bbox 874 1944 1076 1980; x_wconf 92' lang='lat' dir='ltr'><strong>immemor</strong></span> <span class='ocrx_word' id='word_1_200' title='bbox 1091 1942 1279 1994; x_wconf 90' lang='lat' dir='ltr'><strong>equidem</strong></span> <span class='ocrx_word' id='word_1_201' title='bbox 1294 1943 1436 1981; x_wconf 88' lang='lat' dir='ltr'><strong>summi</strong></span> 
     </span>
     <span class='ocr_line' id='line_1_27' title="bbox 97 1998 1434 2049; baseline -0.001 -13"><span class='ocrx_word' id='word_1_202' title='bbox 97 2004 255 2048; x_wconf 88' lang='lat' dir='ltr'><strong>poetae,</strong></span> <span class='ocrx_word' id='word_1_203' title='bbox 279 2000 391 2049; x_wconf 90' lang='lat' dir='ltr'><strong>cujus</strong></span> <span class='ocrx_word' id='word_1_204' title='bbox 412 1999 546 2037; x_wconf 89' lang='lat' dir='ltr'><strong>nullus</strong></span> <span class='ocrx_word' id='word_1_205' title='bbox 568 2012 694 2046; x_wconf 89' lang='lat' dir='ltr'><strong>mons,</strong></span> <span class='ocrx_word' id='word_1_206' title='bbox 718 1998 853 2036; x_wconf 89' lang='lat' dir='ltr'><strong>nullus</strong></span> <span class='ocrx_word' id='word_1_207' title='bbox 868 2000 977 2037; x_wconf 89' lang='lat' dir='ltr'><strong>rivus</strong></span> <span class='ocrx_word' id='word_1_208' title='bbox 998 2011 1061 2036; x_wconf 92' lang='lat' dir='ltr'><strong>me</strong></span> <span class='ocrx_word' id='word_1_209' title='bbox 1082 2012 1163 2036; x_wconf 89' lang='lat' dir='ltr'><strong>non</strong></span> <span class='ocrx_word' id='word_1_210' title='bbox 1180 1998 1434 2044; x_wconf 82' lang='lat' dir='ltr'><strong>admonebat,</strong></span> 
     </span>
     <span class='ocr_line' id='line_1_28' title="bbox 99 2053 1434 2106; baseline 0 -15"><span class='ocrx_word' id='word_1_211' title='bbox 99 2059 139 2091; x_wconf 88' lang='lat' dir='ltr'><strong>et</strong></span> <span class='ocrx_word' id='word_1_212' title='bbox 159 2053 329 2092; x_wconf 84' lang='lat' dir='ltr'><strong>Iliadem</strong></span> <span class='ocrx_word' id='word_1_213' title='bbox 353 2054 579 2092; x_wconf 90' lang='lat' dir='ltr'><strong>memoriter</strong></span> <span class='ocrx_word' id='word_1_214' title='bbox 601 2055 790 2101; x_wconf 83' lang='lat' dir='ltr'><strong>recitavi,</strong></span> <span class='ocrx_word' id='word_1_215' title='bbox 822 2068 941 2106; x_wconf 89' lang='lat' dir='ltr'><strong>quum</strong></span> <span class='ocrx_word' id='word_1_216' title='bbox 964 2067 1102 2104; x_wconf 84' lang='lat' dir='ltr'><strong>agrum</strong></span> <span class='ocrx_word' id='word_1_217' title='bbox 1123 2054 1345 2104; x_wconf 87' lang='lat' dir='ltr'><strong>Trojanum</strong></span> <span class='ocrx_word' id='word_1_218' title='bbox 1375 2054 1434 2092; x_wconf 91' lang='lat' dir='ltr'><strong>in-</strong></span> 
     </span>
     <span class='ocr_line' id='line_1_29' title="bbox 97 2110 1434 2162; baseline 0.001 -16"><span class='ocrx_word' id='word_1_219' title='bbox 97 2110 270 2147; x_wconf 89' lang='lat' dir='ltr'><strong>viserem</strong></span> <span class='ocrx_word' id='word_1_220' title='bbox 294 2110 602 2162; x_wconf 90' lang='lat' dir='ltr'><strong>Achilleumque</strong></span> <span class='ocrx_word' id='word_1_221' title='bbox 627 2110 819 2148; x_wconf 88' lang='lat' dir='ltr'><strong>tumulum</strong></span> <span class='ocrx_word' id='word_1_222' title='bbox 842 2110 1137 2161; x_wconf 83' lang='lat' dir='ltr'><strong>adequitarem,</strong></span> <span class='ocrx_word' id='word_1_223' title='bbox 1169 2115 1209 2147; x_wconf 92' lang='lat' dir='ltr'><strong>et</strong></span> <span class='ocrx_word' id='word_1_224' title='bbox 1231 2110 1272 2148; x_wconf 91' lang='lat' dir='ltr'><strong>in</strong></span> <span class='ocrx_word' id='word_1_225' title='bbox 1292 2110 1434 2160; x_wconf 84' lang='lat' dir='ltr'><strong>Aegeo</strong></span> 
     </span>
     <span class='ocr_line' id='line_1_30' title="bbox 98 2164 1434 2215; baseline 0.001 -13"><span class='ocrx_word' id='word_1_226' title='bbox 98 2164 251 2203; x_wconf 89' lang='lat' dir='ltr'><strong>insulas</strong></span> <span class='ocrx_word' id='word_1_227' title='bbox 281 2166 583 2204; x_wconf 87' lang='lat' dir='ltr'><strong>circumvehens</strong></span> <span class='ocrx_word' id='word_1_228' title='bbox 603 2165 739 2204; x_wconf 82' lang='lat' dir='ltr'><strong>Ulixis</strong></span> <span class='ocrx_word' id='word_1_229' title='bbox 769 2179 920 2204; x_wconf 88' lang='lat' dir='ltr'><strong>errores</strong></span> <span class='ocrx_word' id='word_1_230' title='bbox 945 2167 1001 2203; x_wconf 87' lang='lat' dir='ltr'><strong>ita</strong></span> <span class='ocrx_word' id='word_1_231' title='bbox 1021 2166 1170 2215; x_wconf 83' lang='lat' dir='ltr'><strong>relegi,</strong></span> <span class='ocrx_word' id='word_1_232' title='bbox 1203 2172 1247 2203; x_wconf 91' lang='lat' dir='ltr'><strong>ut</strong></span> <span class='ocrx_word' id='word_1_233' title='bbox 1268 2179 1349 2203; x_wconf 87' lang='lat' dir='ltr'><strong>non</strong></span> <span class='ocrx_word' id='word_1_234' title='bbox 1371 2177 1434 2203; x_wconf 88' lang='lat' dir='ltr'><strong>se-</strong></span> 
     </span>
     <span class='ocr_line' id='line_1_31' title="bbox 98 2220 1434 2284; baseline 0.001 -27"><span class='ocrx_word' id='word_1_235' title='bbox 98 2220 178 2258; x_wconf 89' lang='lat' dir='ltr'><strong>mel</strong></span> <span class='ocrx_word' id='word_1_236' title='bbox 194 2220 244 2258; x_wconf 87' lang='lat' dir='ltr'><strong>ad</strong></span> <span class='ocrx_word' id='word_1_237' title='bbox 260 2233 470 2272; x_wconf 89' lang='lat' dir='ltr'><strong>vesperam</strong></span> <span class='ocrx_word' id='word_1_238' title='bbox 485 2221 595 2259; x_wconf 87' lang='lat' dir='ltr'><strong>unda</strong></span> <span class='ocrx_word' id='word_1_239' title='bbox 608 2227 729 2259; x_wconf 90' lang='lat' dir='ltr'><strong>vento</strong></span> <span class='ocrx_word' id='word_1_240' title='bbox 744 2222 950 2284; x_wconf 81' lang='lat' dir='ltr'><strong>exagitata</strong></span> <span class='ocrx_word' id='word_1_241' title='bbox 968 2221 1175 2272; x_wconf 82' lang='lat' dir='ltr'><strong>exemplar</strong></span> <span class='ocrx_word' id='word_1_242' title='bbox 1192 2221 1299 2272; x_wconf 91' lang='lat' dir='ltr'><strong>quod</strong></span> <span class='ocrx_word' id='word_1_243' title='bbox 1314 2233 1434 2259; x_wconf 85' lang='lat' dir='ltr'><strong>manu</strong></span> 
     </span>
     <span class='ocr_line' id='line_1_32' title="bbox 99 2270 1434 2340; baseline 0 -26"><span class='ocrx_word' id='word_1_244' title='bbox 99 2276 286 2314; x_wconf 86' lang='lat' dir='ltr'><strong>tenebam</strong></span> <span class='ocrx_word' id='word_1_245' title='bbox 306 2276 390 2315; x_wconf 83' lang='lat' dir='ltr'><strong>sale</strong></span> <span class='ocrx_word' id='word_1_246' title='bbox 410 2290 509 2327; x_wconf 86' lang='lat' dir='ltr'><strong>puro</strong></span> <span class='ocrx_word' id='word_1_247' title='bbox 529 2284 832 2340; x_wconf 87' lang='lat' dir='ltr'><strong>conspergeret·</strong></span> <span class='ocrx_word' id='word_1_248' title='bbox 863 2270 963 2326; x_wconf 82' lang='grc' dir='ltr'>ἆμφι</span> <span class='ocrx_word' id='word_1_249' title='bbox 995 2274 1037 2315; x_wconf 79' lang='grc' dir='ltr'><strong>δὲ</strong></span> <span class='ocrx_word' id='word_1_250' title='bbox 1058 2276 1164 2325; x_wconf 81' lang='grc' dir='ltr'><strong><em>κῦμα</em></strong></span> <span class='ocrx_word' id='word_1_251' title='bbox 1186 2276 1317 2329; x_wconf 83' lang='grc' dir='ltr'><em>στείρῃ</em></span> <span class='ocrx_word' id='word_1_252' title='bbox 1338 2289 1434 2323; x_wconf 81' lang='grc' dir='ltr'><strong><em>πορ-</em></strong></span> 
     </span>
    </p>

    <p class='ocr_par' dir='ltr' id='par_1_3' title="bbox 96 2324 1432 2382">
     <span class='ocr_line' id='line_1_33' title="bbox 96 2324 1432 2382; baseline 0 -14"><span class='ocrx_word' id='word_1_253' title='bbox 96 2326 245 2381; x_wconf 74' lang='grc' dir='ltr'><strong><em>φόρεον</em></strong></span> <span class='ocrx_word' id='word_1_254' title='bbox 264 2326 396 2382; x_wconf 73' lang='grc' dir='ltr'><em>μεγάλ’</em></span> <span class='ocrx_word' id='word_1_255' title='bbox 423 2331 506 2382; x_wconf 84' lang='grc' dir='ltr'><em>ἴαχε</em></span> <span class='ocrx_word' id='word_1_256' title='bbox 527 2324 620 2381; x_wconf 81' lang='grc' dir='ltr'><strong><em>νηὸς</em></strong></span> <span class='ocrx_word' id='word_1_257' title='bbox 641 2329 783 2381; x_wconf 82' lang='grc' dir='ltr'><em>ἰούσης.</em></span> <span class='ocrx_word' id='word_1_258' title='bbox 839 2333 920 2371; x_wconf 88' lang='lat' dir='ltr'><strong>Sed</strong></span> <span class='ocrx_word' id='word_1_259' title='bbox 950 2333 1042 2370; x_wconf 90' lang='lat' dir='ltr'><strong>dum</strong></span> <span class='ocrx_word' id='word_1_260' title='bbox 1071 2332 1171 2370; x_wconf 89' lang='lat' dir='ltr'><strong>illud</strong></span> <span class='ocrx_word' id='word_1_261' title='bbox 1194 2333 1321 2371; x_wconf 89' lang='lat' dir='ltr'><strong>solum</strong></span> <span class='ocrx_word' id='word_1_262' title='bbox 1351 2332 1432 2369; x_wconf 87' lang='lat' dir='ltr'><strong>cal-</strong></span> 
     </span>
    </p>
   </div>
  </div>
 </body>
</html>
