1619 2556
162 104 214 142 46
575 116 635 147 1v.
667 114 746 147 ΕΙΣ
773 114 1068 147 ΑψΡοΔιΤΗΝ.

166 218 358 275 ἥρπασεν
375 217 428 263 ὃν
449 218 519 263 διὰ
539 218 718 271 κάλλος,
747 216 811 263 ἵν’
832 216 1091 262 ἀθανάτοισι
1109 223 1270 275 μετείη,

163 292 240 331 καί
255 305 299 331 τε
318 286 427 339 Διὸς
447 286 554 331 κατὰ
578 289 698 344 δῶμα
716 293 839 337 θεοῖς
859 286 1184 342 ἐπιοινοχοεύοι.

162 358 313 412 θαῦμα
333 359 468 410 ἰδεῖν,
498 354 706 399 πάντεσσι
729 355 948 411 τετιμένος
967 352 1242 404 ἀθανάτοισι,

161 425 348 480 χρυσέου
368 426 416 467 ἐν
436 426 645 480 κρητῆρος
664 420 877 479 ἀφύσσων
895 424 1052 478 νέκταρ
1074 421 1279 478 ἐρυθρόν.

167 494 294 547 Τρῶα
315 493 360 535 δὲ
382 494 545 542 πένθος
564 489 752 536 ἄλαστον
773 496 840 547 ἔχε
860 492 1047 547 φρένας,
1075 488 1184 534 οὐδέ
1200 509 1238 534 τι
1261 486 1368 546 ἤδει,

162 577 280 617 οππη
299 563 343 604 oc
357 566 489 615 φίλον
509 552 605 603 υιόν
625 558 849 615 ἀνήρπασε
867 561 1024 609 θέσπις
1044 557 1196 602 ἄελλα·

162 646 238 672 τον
259 626 312 684 δὴ
331 633 478 673 ἔπειτα
498 627 655 684 γόασκε
677 625 947 684 διαμπερες’
930 625 1072 683 ήματα
1090 625 1242 670 πάντα.

162 701 238 740 καί
253 714 328 752 μιν
348 695 457 747 Ζεὺς
477 697 646 752 ἐλέησε,
678 699 804 739 δίδου
827 696 877 738 δέ
893 697 937 738 οἱ
951 691 1044 746 υἷος
1064 693 1238 749 ἄποινα,

162 767 324 815 ἵππους
344 762 601 819 ἀρσίποδας,
633 769 703 808 τοί
717 760 759 806 τ’
780 760 1030 814 ἀθανάτους
1050 764 1269 819 φορέουσι.

164 831 262 882 τούς
282 836 326 876 οἱ
343 835 486 888 δῶρον
506 836 671 876 ἔδωκεν
691 836 806 887 ἔχειν
820 844 829 852 ·
859 830 981 875 εἶπεν
1003 830 1050 874 δὲ
1069 833 1227 875 ἕκαστα

164 899 301 956 Ζηνὸς
323 899 621 957 ἐφημοσύνῃσι
648 898 872 954 διάκτορος
889 896 1206 955 Ἀργειφόντης,

166 965 221 1019 ὡς
242 973 302 1013 ἔοι
322 967 542 1018 ἀθάνατος
561 969 632 1011 καὶ
651 965 821 1024 ἀγήρως
845 966 914 1010 ἶσα
934 973 1117 1011 θεοῖσιν.

165 1034 303 1091 αὐτὰρ
324 1036 474 1092 ἐπειδὴ
496 1035 634 1091 Ζηνὸς
653 1032 722 1091 ὅγ’
744 1039 899 1079 ἔκλυεν
918 1032 1175 1091 ἀγγελιάων,

165 1101 311 1148 οὐκέτ’
334 1109 480 1148 ἔπειτα
501 1103 680 1159 γόασκε,
710 1102 891 1159 γεγήθει
914 1102 960 1146 δὲ
980 1104 1143 1158 φρένας
1163 1105 1305 1148 ἔνδον.

166 1171 413 1230 γηθόσυνος
435 1170 475 1217 δ’
497 1175 695 1216 ἵπποισιν
714 1169 1052 1214 ἀελλοπόδεσσιν
1071 1169 1222 1227 ὀχεῖτο.

168 1239 224 1293 ὥς
246 1239 287 1285 δ’
311 1235 367 1285 αὖ
392 1239 595 1285 Τιθωνὸν
619 1238 915 1297 χρυσόθρονος
934 1236 1129 1295 ἥρπασεν
1145 1235 1265 1292 Ἠώς,

170 1307 374 1366 ὑμετέρης
395 1311 566 1366 γενεῆς,
596 1311 837 1353 ἐπιείκελον
856 1305 1126 1351 ἀθανάτοισι.

168 1381 223 1434 βῆ
244 1376 286 1421 δ’
309 1385 407 1433 ι”μεν
425 1377 661 1433 αἰτήσουσα
681 1376 941 1431 κελαινεφέα
959 1379 1207 1431 Κρονίωνα,

169 1443 394 1489 ἀθάνατόν
415 1443 454 1489 τ’
477 1445 588 1489 εἶναι
607 1445 679 1488 καὶ
699 1442 821 1498 ζώειν
843 1442 981 1500 ἤματα
1000 1443 1141 1487 πάντα
1154 1455 1163 1464 ·

170 1517 221 1570 τῇ
242 1513 288 1557 δὲ
308 1511 418 1564 Ζεὺς
438 1515 644 1558 ἐπένευσε
663 1513 734 1556 καὶ
754 1511 964 1568 ἐκρήηνεν
983 1513 1156 1565 ἐέλδωρ.

173 1587 323 1638 νηπίη.
353 1579 452 1625 οὐδ’
475 1581 625 1637 ἐνόησε
645 1577 750 1637 μετὰ
770 1580 900 1635 φρεσὶ
919 1578 1074 1622 πότνια
1091 1577 1197 1630 Ἠως

173 1648 281 1706 ἥβην
300 1652 492 1706 αἰτῆσαι,
519 1652 648 1702 ξῦσαί
664 1646 704 1692 τ’
725 1645 808 1691 ἀπὸ
827 1650 961 1704 γῆρας
979 1644 1134 1691 ὀλοιόν.

171 1716 246 1761 τὸν
267 1715 309 1760 δ’
332 1716 424 1773 ἤτοι
446 1720 542 1768 εἵως
561 1717 641 1774 μὲν
661 1721 757 1772 ε”χεν
776 1714 1046 1770 πολυήρατος
1064 1713 1162 1771 ἥβη,

168 1783 262 1829 Ἠοῖ
278 1785 540 1842 τερπόμενος
559 1782 846 1842 χρυσοθρόνῳ
868 1780 1101 1839 ἠριγενείῃ.

173 1864 266 1898 ναῖε
288 1851 391 1908 παρ’
409 1850 631 1897 Ὠκεανοῖο
652 1854 754 1908 ῥοῇς
773 1852 843 1895 ἐπὶ
863 1855 1035 1905 πείρασι
1055 1855 1197 1906 γαίης·

172 1918 308 1977 αὐτὰρ
330 1922 422 1965 ἐπεὶ
442 1923 608 1975 πρῶται
628 1920 773 1964 πολιαὶ
792 1921 1027 1974 κατέχυντο
1047 1923 1215 1972 ἔθειραι

174 1992 304 2045 καλῆς
329 1991 375 2034 ἐκ
400 1991 590 2045 κεφαλῆς
610 1985 836 2044 εὐηγενέος
855 2004 899 2030 τε
919 1991 1106 2042 γενείου,

174 2060 250 2101 τοῦ
271 2055 312 2101 δ’
333 2055 426 2113 ἤτοι
448 2054 575 2112 εὐνῆς
595 2056 674 2112 μὲν
694 2053 891 2110 ἀπείχετο
910 2052 1065 2097 πότνια
1082 2050 1202 2103 Ἠὼς,

175 2122 309 2169 αὐτὸν
330 2122 373 2168 δ’
395 2117 494 2168 αὖτ’
515 2122 742 2167 ἀτίταλλεν
761 2123 826 2166 ἐνὶ
845 2121 1099 2176 μεγάροισιν
1117 2126 1286 2175 ἔχουσα.

174 2200 278 2252 σίτῳ
299 2190 339 2236 τ’
360 2189 574 2248 ἀμβροσίῃ
594 2210 639 2235 τε
658 2192 731 2235 καὶ
752 2194 902 2245 εἵματα
922 2187 1030 2232 καλά
1051 2190 1244 2231 διδοῦσα.

174 2259 270 2305 ἀλλ’
292 2259 361 2304 ὅτε
384 2257 437 2315 δὴ
456 2258 637 2315 πάμπαν
656 2257 868 2315 στυγερὸν
887 2255 993 2300 κατὰ
1012 2258 1146 2312 γῆρας
1166 2260 1352 2311 ἔπειγεν,

175 2327 283 2373 οὐδέ
297 2348 336 2372 τι
358 2331 529 2384 κινῆσαι
552 2327 721 2385 μελέων
739 2322 892 2369 δύνατ’
915 2322 1012 2368 οὐδ’
1033 2321 1246 2378 ἀναεῖραι,

1423 363 1489 396 205

1427 704 1493 737 210

1429 1045 1493 1078 215

1429 1385 1494 1417 *220

1429 1722 1495 1756 225

1432 2060 1497 2094 230
