1619 2556
562 89 604 119 v.
639 88 718 120 ΕΙΣ
744 88 1021 120 ΔΗΜΗΤΡΑΝ,
1396 81 1447 120 57

125 193 176 247 τῇ
197 190 243 235 δὲ
263 192 542 248 χολωσαμένη
562 193 902 248 καλλιστέφανος
922 191 1131 249 Δημήτηρ

123 261 258 302 παῖδα
279 264 432 314 φίλον,
462 257 538 303 τὸν
556 257 745 304 ἄελπτον
764 260 830 303 ἑνὶ
848 258 1102 315 μεγάροισιν
1121 265 1272 316 ἔτικτε,

122 323 310 382 χείρεσσ’
331 323 606 384 ἀθανάτῃσιν
624 325 708 371 άπὸ
729 330 773 373 ἕο
792 329 904 383 θῆκε
924 330 1126 379 πέδονδε,

123 397 383 448 ἐξανελοῦσα
404 393 562 450 πυρὸς,
590 397 723 454 θυμῷ
747 396 957 439 κοτέσασα
976 393 1079 451 μάλ’
1101 399 1246 449 αἰνῶς,

123 467 198 507 καί
214 459 257 518 ῥ’
277 460 435 519 ἄμυδις
453 464 712 518 προσέειπεν
731 461 921 517 ε’ὕζωνον
942 463 1243 518 Μετάνειραν·
1381 475 1445 508 255

224 529 389 588 Νήι·δες
409 528 640 587 ἄνθρωποι
653 566 663 586 ,
693 529 973 587 ἀφράδμονες
992 528 1089 574 οὔτ’
1109 529 1295 588 ἀγαθοῖο

65 629 68 631 -
121 597 250 642 αἶσαν
269 600 560 655 ἐπερχομένου
579 598 885 655 προγνώμεναι
905 596 1005 642 οὔτε
1024 609 1195 644 κακοῖο·

121 667 192 710 καὶ
211 665 265 710 σὺ
284 664 366 722 γὰρ
386 663 625 724 ἀφραδίῃσι
646 671 743 724 τεῇς
763 666 972 723 νήκεστον
990 664 1170 724 άάσθης.

121 740 224 778 ἴστω
243 732 325 790 γὰρ
343 737 464 778 θεῶν
483 732 609 792 ὅρκος
621 770 631 784 ,
660 733 909 792 άμείλικτον
927 733 1098 791 Στυγὸς
1117 733 1252 791 ὕδωρ,

121 800 346 846 ἀθάνατον
365 804 441 846 κέν
461 820 525 847 τοι
547 805 618 847 καὶ
637 800 831 860 άγήραον
854 801 992 859 ἤματα
1011 802 1153 847 πάντα
1382 815 1447 850 260

120 873 254 914 παῖδα
275 875 406 926 φίλον
425 876 583 927 ποίησα
602 872 673 915 καὶ
693 869 886 926 ἄφθιτον
906 869 1059 915 ὤπασα
1078 871 1206 928 τιμήν
1218 884 1226 893 ·

119 941 204 982 νῦν
225 934 270 982 δ’
291 935 370 982 οὐκ
392 937 504 993 ἔσθ’,
535 936 591 990 ὥς
610 957 687 983 κεν
706 938 904 983 θάνατον
922 940 993 983 καὶ
1012 942 1146 996 κῆρας
1165 937 1317 993 άλύξαι
1329 951 1338 959 “

119 1004 219 1063 τιμὴ
241 1003 283 1049 δ’
305 1003 492 1062 ἄφθιτος
511 1007 606 1051 αι’ὲν
627 1008 873 1061 ἐπέσσεται,
902 1005 1062 1051 οὕνεκα
1080 1010 1255 1064 γουνῶν

123 1071 340 1130 ἡμετέρων
360 1076 492 1131 ἐπέβη
509 1075 581 1118 καὶ
606 1076 655 1119 ἐν
673 1072 930 1132 ἀγκοίνῃσιν
950 1082 1103 1119 ἰάυσεν

121 1140 287 1199 ὥρῃσιν
307 1140 350 1186 δ’
371 1140 456 1197 ἄρα
476 1145 603 1199 τοῦγε
616 1178 625 1193 ,
656 1144 990 1199 περιπλομένων
1014 1145 1242 1192 ἐνιαυτῶν,
1381 1154 1447 1189 265

119 1213 271 1261 παῖδες
289 1207 565 1254 Ἐλευσινίων
583 1210 772 1267 πόλεμον
792 1212 864 1254 καὶ
885 1210 1079 1267 φύλοπιν
1101 1210 1229 1267 αἰνὴν

120 1278 214 1322 αἰὲν
232 1275 501 1334 Ἀθηναίοισι
526 1276 763 1331 συνάξουσ’
785 1277 925 1335 Δἤματα
945 1278 1099 1324 πάντα.

389 1351 408 1374 a:
683 1353 703 1378 ια
975 1349 994 1369 *

120 1414 205 1470 εἰμὶ
227 1413 273 1457 δὲ
293 1414 503 1470 Δημήτηρ
525 1413 750 1470 τιμάοχος,
780 1413 854 1471 ἥτε
873 1417 1077 1472 μέγιστον

118 1478 357 1532 άθανάτοις
377 1486 586 1538 θνητοῖσί
601 1479 641 1526 τ’
662 1479 770 1538 ὄναρ
790 1484 863 1526 καὶ
881 1482 1023 1540 χάρμα
1043 1489 1254 1528 τέτυκται.

118 1546 196 1593 άλλ
209 1547 218 1562 ’
239 1547 316 1606 ἄγε
336 1567 409 1605 μοι
429 1548 538 1606 νηόν
557 1567 602 1593 τε
621 1552 760 1607 μέγαν
779 1552 850 1594 καὶ
869 1549 1020 1608 βωμὸν
1039 1549 1117 1595 ὑπ’
1140 1549 1260 1609 αὐτῷ
1381 1561 1448 1595 270

118 1616 364 1673 τευχόντων
383 1621 467 1669 πᾶς
488 1621 619 1675 δῆμος
640 1615 747 1662 ὑπαὶ
766 1618 895 1662 πόλιν
913 1619 1021 1663 αἰπύ
1039 1637 1085 1664 τε
1104 1629 1254 1675 τεῖχος,

118 1684 393 1742 Καλλιχόρου
412 1685 724 1741 καθύπερθεν,
756 1687 824 1730 ἐπὶ
845 1685 1082 1743 προῦχοντι
1101 1690 1294 1746 κολωνῷ,

119 1750 246 1809 ὄργια
266 1751 312 1797 δ’
334 1751 444 1810 αὐτὴ
465 1752 578 1810 ε’γών
597 1751 876 1811 ὑποθήσομαι
890 1789 899 1805 ,
931 1752 988 1806 ὦς
1008 1752 1064 1799 ἂν
1083 1760 1231 1799 ἔπειτα

120 1818 308 1877 εὐαγέως
330 1824 531 1875 ἔρδοντες
551 1820 656 1878 ἐμὸν
673 1821 778 1865 νόον
797 1821 1061 1868 ἱλάσκοισθε.

212 1886 290 1940 Ὣις
310 1892 492 1934 εἰποῦσα
511 1888 596 1933 θεά
614 1891 801 1946 μέγεθος
821 1891 892 1934 καὶ
913 1890 1028 1942 εἶδος
1047 1888 1219 1946 ἄμειψε,
1381 1900 1448 1936 275

119 1960 254 2013 γῆρας
273 1955 538 2014 ἀπωσαμένη
550 1993 559 2010 ,
590 1962 694 2013 περί
708 1955 748 2000 τ’
769 1955 885 2014 άμφί
899 1976 945 2002 τε
963 1958 1118 2009 κάλλος
1138 1956 1243 2016 ἄητο
1256 1972 1265 1980 ·

119 2022 231 2081 ὀδμὴ
252 2022 296 2069 δ’
318 2024 546 2082 ἱμερόεσσα
565 2030 797 2082 θυηέντων
815 2023 899 2069 άπὸ
919 2027 1098 2071 πέπλων

120 2095 348 2145 σκίδνατο
379 2097 479 2150 τῆλε
500 2094 545 2137 δὲ
567 2094 727 2150 φέγγος
746 2091 830 2138 άπὸ
851 2092 977 2150 χροὸς
996 2091 1235 2139 άθανατοιο

123 2160 260 2217 λάμπε
278 2163 406 2218 θεῆς,
435 2162 594 2214 ξανθαὶ
615 2161 661 2206 δε
682 2160 810 2218 κόμαι
830 2161 1126 2219 κατενήνοθεν
1147 2160 1303 2219 ω’μους,

121 2225 257 2285 αὐγῆς
278 2226 322 2272 δ’
343 2229 540 2285 ἐπλήσθη
560 2228 743 2280 πυκινὸς
763 2229 913 2286 δόμος,
943 2228 1183 2311 άστεροπης
1202 2229 1280 2281 ω’ς·
1382 2241 1449 2275 280

122 2298 178 2352 βῆ
199 2295 245 2340 δε
268 2296 359 2340 διεκ
379 2296 602 2354 μεγάρων·
640 2300 714 2353 τῆς
736 2295 779 2341 δ’
801 2295 954 2341 αυτίκα
975 2295 1158 2354 γούνατ’
1180 2303 1347 2351 ἔλυντο,
