1619 2556
574 92 617 123 v.
654 91 733 124 ΕΙΣ
759 91 1038 124 ΔΗΜΗΤΡΑΝ.
1411 83 1464 122 59

129 190 236 252 Ἰριν
256 196 303 241 δὲ
323 200 495 253 πρῶτον
512 196 810 253 χρυσόπτερον
830 189 942 250 ὦρσε
961 198 1165 242 καλέσσαι

137 263 333 322 Δήμητρ’
355 262 570 322 ήΰκομον,
600 262 876 320 πολυήρατον
896 263 1009 315 εἶδος
1029 269 1226 321 ἔχουσαν.
1399 277 1463 311 315

135 331 192 384 ὥς
212 330 348 389 ἔφαθ’
361 345 370 353 ’
398 329 425 388 ἡ
446 333 493 377 δὲ
514 334 622 389 Ζηνὶ
642 333 895 387 κελαινεφέϊ
909 335 1132 388 Κρονίωνι

134 405 313 445 πείθετο
332 401 404 443 καὶ
423 399 470 444 τὸ
490 399 656 457 μεσηγὺ
677 400 914 456 διέδραμεν
933 393 1024 444 ὦκα
1044 401 1264 445 πόδεσσιν.

133 471 249 513 ἵκετο
271 468 317 512 δὲ
337 473 600 524 πτολίεθρον
617 466 859 518 Ἐλευσῖνος
877 470 1107 526 θυοέσσης,

134 529 263 591 εὗρεν
284 533 328 580 δ’
351 538 399 580 ἐν
419 538 512 595 νηςῦ
532 535 766 593 Δημήτερα
786 534 1107 592 κυανόπεπλον,

65 627 68 629 ·
133 609 209 649 καί
223 622 298 660 μιν
318 603 548 661 φωνήσασ’
570 609 673 649 ε”πεα
693 602 930 660 πτερόεντα
950 603 1178 661 προσηύδα
1191 617 1200 626 ·
1395 615 1461 648 320

232 671 438 729 Δήμητερ
451 707 461 724 ,
492 674 636 716 καλέει
656 687 704 716 σε
724 670 864 728 πατὴρ
886 670 995 723 Ζεὺς
1014 670 1183 729 ἄφθιτα
1204 671 1329 723 εἰδώς

134 741 364 797 ἐλθέμεναι
383 739 490 796 μετὰ
510 742 628 796 φῦλα
647 742 770 784 θεῶν
789 740 1106 795 αἰειγενετάων.

134 805 228 851 ἄλλ’
248 815 338 863 ἴθι,
366 805 469 864 μηδ’
491 806 721 852 άτέλεστον
741 806 846 864 ε’μόν
867 812 968 859 ἔπος
987 810 1034 852 έκ
1054 806 1162 858 Διὸς
1181 813 1302 852 ἔστω.

223 872 299 927 Ὣς
320 874 431 932 φάτο
451 877 706 933 λισσομένη·
735 878 809 932 τῆς
831 872 877 919 δ”
896 873 976 920 οὐκ
997 878 1253 920 ἐπεπείθετο
1272 875 1424 932 θυμός.

131 937 254 995 αὖτις
273 948 420 988 ἔπειτα
441 943 581 1001 πατὴρ
601 943 797 1001 μάκαρας
815 942 950 995 θεοὺς
969 944 1064 988 αἰὲν
1084 942 1233 995 ἐόντας
1395 955 1460 988 325

131 1010 295 1063 πάντας
315 1014 644 1067 ἐπιπροΐαλλεν·
682 1009 911 1068 ἀμοιβηδὶς
932 1011 979 1056 δὲ
999 1011 1167 1061 κιόντες

131 1084 365 1136 κίκλησκον
383 1081 455 1124 καὶ
474 1078 612 1124 πολλοὶ
635 1083 759 1124 δίδον
778 1081 1040 1135 περικαλλέα
1062 1082 1194 1136 δῶρα,

132 1146 253 1205 τιμάς
271 1145 340 1203 θ’,
368 1146 418 1199 ἅς
438 1166 516 1192 κεν
535 1150 673 1192 ἕλοιτο
693 1144 790 1204 μετ’
812 1144 1101 1191 ἀθανάτοισιν
1120 1148 1296 1192 ἑλέσθαι
1309 1160 1317 1168 ·

129 1212 228 1258 ἀλλ’
249 1213 367 1266 οὔτις
387 1226 533 1260 πεῖσαι
555 1215 717 1260 δύνατο
737 1216 902 1271 φρένας
921 1212 997 1271 ήδε
1017 1215 1158 1272 νόημα

129 1286 261 1342 θυμῷ
280 1286 519 1344 χωομένης’
546 1297 732 1340 στερεως
752 1281 796 1327 δ
819 1280 1020 1339 ἠναίνετο
1039 1283 1220 1339 μύθους.
1393 1293 1460 1327 330

129 1348 182 1395 οὐ
199 1370 280 1408 μεν
297 1351 380 1409 γάρ
400 1349 499 1395 ποτ’
521 1356 683 1407 ε’φασκε
702 1350 903 1402 θυώδεος
925 1349 1179 1408 Οὐλύμποιο

129 1435 234 1474 πριν
252 1417 297 1476 γ’
319 1419 627 1476 ἐπιβήσεσθαι,
657 1437 710 1463 ου
728 1420 835 1476 πρὶν
853 1422 930 1476 γῆς
950 1418 1121 1476 καρπὸν
1140 1417 1333 1476 ἀνήσειν,

129 1487 233 1543 πρὶν
253 1491 339 1532 ἴδοι
358 1485 658 1545 ὀφθαλμοῖσιν
677 1485 753 1544 ἑὴν
773 1485 968 1531 εὐώπιδα
987 1487 1164 1544 κούρην.

230 1553 381 1611 Αὐτὰρ
402 1557 496 1600 ἐπεὶ
515 1555 563 1599 τό
582 1553 624 1612 γ’
646 1553 807 1599 ἄκουσε
825 1554 1106 1612 βαρύκτυπος
1126 1552 1319 1611 εὐρύοπα
1336 1554 1458 1609 Ζεὺς,

130 1627 189 1674 εἰς
207 1621 389 1680 ’Ἐρεβος
407 1625 550 1680 πέμψε
569 1621 870 1680 χρυσόρραπιν
886 1622 1211 1680 Ἀργειφόντην,
1393 1633 1458 1666 335

130 1689 234 1748 ὄφρ’
253 1689 400 1748 Ἀΐδην
420 1697 651 1749 μαλακοῖσι
671 1691 1001 1748 παραιφάμενος
1022 1693 1222 1736 ἐπέεσσιν

129 1755 267 1816 ἁγνὴν
287 1758 620 1816 Περσεφόνειαν
641 1757 725 1803 ὑπὸ
746 1759 879 1816 ζόφου
899 1757 1123 1816 ἠερόεντος

129 1830 172 1878 ἐς
191 1827 300 1884 φάος
322 1827 521 1884 ἐξαγάγοι
539 1826 645 1884 μετὰ
668 1831 898 1885 δαίμονας,
927 1826 1043 1884 ὄφρα
1064 1829 1085 1872 ἑ
1101 1826 1239 1884 μήτηρ

128 1893 426 1953 ὀφθαλμοῖσιν
445 1898 600 1940 ι’δοῦσα
619 1895 895 1952 μεταλλήξειε
916 1895 1070 1951 χόλοιο.

123 1961 277 2021 Ἐρμῆς
299 1962 342 2008 δ’
364 1962 445 2008 οὐκ
465 1961 708 2020 ἀπίθησεν,
737 1962 856 2019 ἄφαρ
878 1961 919 2007 δ’
941 1961 1026 2007 ὑπὸ
1047 1962 1212 2007 κεύθεα
1232 1968 1356 2019 γαίης
1391 1974 1457 2007 340

129 2034 375 2088 ἐσσυμένως
393 2031 653 2087 κατόρουσε,
683 2030 822 2075 λιπών
841 2034 936 2082 ἕδος
959 2029 1227 2088 Οὐλύμποιο.

132 2101 252 2156 τέτμε
273 2100 320 2144 δὲ
340 2099 416 2144 τόν
435 2118 484 2157 γε
503 2098 669 2144 ἄνακτα
691 2099 839 2156 δόμων
858 2104 1068 2144 ἔντοσθεν
1088 2099 1227 2153 ἐόντα,

131 2165 291 2224 ἥμενον
310 2170 357 2212 ἐν
376 2170 568 2224 λεχέεσσι
588 2165 670 2211 σὺν
689 2170 834 2224 αἰδοίῃ
854 2172 1097 2222 παρακοίτι,

129 2233 255 2280 πολλ’
276 2233 539 2293 ἀεκαζομένῃ
561 2235 719 2293 μητρὸς
738 2236 865 2294 πόθῳ
879 2249 888 2256 ·
920 2233 946 2291 ἡ
967 2233 1009 2278 δ’
1033 2234 1093 2279 ἔτ’
1116 2234 1301 2292 ἄτλητον

129 2301 385 2359 ὀργισθεῖσα
405 2306 527 2348 θεῶν
545 2302 753 2361 μακάρων
772 2309 947 2361 μηνίετο
969 2306 1118 2360 βουλῇ.
1389 2313 1457 2345 345
