1619 2556
556 490 1057 525 BATPAXOMTOMAXIA.

216 594 467 652 Ἀρχόμενος
487 598 660 651 πρῶτον
679 597 878 639 Μουσῶν
897 594 1029 652 χορὸν
1050 598 1091 648 ἐξ
1106 593 1336 642 Ἑλικῶνος

136 665 286 708 ἐλθεῖν
307 668 368 714 εἰς
389 662 493 720 ἐμὸν
512 657 616 720 ἦτορ
638 661 870 720 ἐπεύχομαι
892 661 1028 708 εἵνεκ’
1051 661 1214 719 ἀοιδῆς,

136 729 190 787 ἢν
212 733 311 776 νέον
330 733 378 775 ἐν
399 732 614 775 δέλτοισιν
634 734 751 788 ἐμοῖς
772 732 842 775 ἐπὶ
860 730 1045 787 γούνασι
1063 734 1196 788 θῆκα,

136 802 263 856 δῆριν
283 797 558 855 ἀπειρεσίην,
585 799 909 856 πολεμόκλονον
928 802 1058 856 ἔργον
1074 798 1243 856 Ἄρηος.

135 865 366 924 εὐχόμενος
385 866 647 923 μερόπεσσιν
667 870 709 918 ἐς
729 864 871 911 οὔατα
887 870 992 911 πᾶσι
1012 869 1243 924 βαλέσθαι,
1448 881 1468 913 5

135 938 224 986 πῶς
243 934 348 991 μύες
368 937 415 980 ἐν
434 935 716 992 βατράχοισιν
736 932 1069 992 ἀριστεύσαντες
1089 939 1266 992 ἔβησαν,

134 1004 356 1059 γηγενέων
374 1001 551 1059 ἀνδρῶν
569 1003 827 1061 μιμούμενοι
846 1008 950 1060 ἔργα
969 1002 1213 1059 Γιγάντων,

136 1067 191 1122 ὡς
211 1075 311 1122 ἔπος
331 1073 379 1115 ἐν
397 1078 629 1127 θνητοῖσιν
648 1076 745 1128 ἔην·
782 1076 904 1128 τοίην
925 1069 966 1115 δ’
988 1077 1085 1127 ἔχεν
1104 1068 1255 1128 ἀρχήν.

217 1143 321 1190 Μῦς
340 1156 444 1183 ποτε
465 1141 668 1191 διψαλέος
681 1175 691 1193 ,
714 1141 871 1195 γαλέης
891 1143 1104 1183 κίνδυνον
1123 1137 1295 1193 ἀλύξας,

134 1212 318 1263 πλησίον
339 1210 387 1251 ἐν
406 1212 535 1264 λίμνῃ
556 1204 726 1251 ἁπαλὸν
745 1209 993 1263 προσέθηκε
1013 1209 1197 1263 γένειον,
1427 1222 1468 1254 10

133 1273 263 1319 ὕδατι
281 1273 544 1331 τερπόμενος
564 1277 781 1332 μελιηδέι·
812 1273 889 1318 τὸν
910 1275 957 1319 δὲ
979 1278 1180 1319 κατεῖδεν

135 1341 396 1400 λιμνοχαρὴς
415 1340 689 1399 πολύφημος,
720 1348 821 1393 ἔπος
843 1341 886 1387 δ’
909 1345 1151 1399 ἐφθέγξατο
1171 1354 1310 1388 τοῖον·

211 1413 351 1466 Ξεῖνε,
366 1416 429 1462 τίς
445 1410 500 1462 εἶ;
518 1409 660 1455 πόθεν
674 1405 808 1467 ἦλθες
824 1408 895 1455 ἐπ’
911 1409 1045 1468 ᾑόνα;
1066 1415 1130 1462 τίς
1146 1413 1195 1455 δέ
1207 1409 1248 1455 σ’
1264 1409 1286 1455 ὃ
1302 1412 1465 1468 φύσας’,

134 1478 276 1523 πάντα
299 1477 342 1523 δ’
364 1472 615 1535 ἀλήθευσον
628 1514 638 1534 ,
670 1476 728 1535 μὴ
746 1478 1021 1535 ψευδόμενόν
1039 1492 1088 1522 σε
1107 1479 1264 1536 νοήσω.

135 1551 175 1590 εί
192 1546 274 1603 γάρ
294 1560 343 1591 σε
361 1552 517 1603 γνοίην
535 1552 667 1603 φίλον
687 1545 829 1601 ἀξιον,
859 1549 901 1597 ἐς
923 1546 1057 1603 δόμον
1076 1545 1162 1600 ἄξω
1177 1560 1186 1569 ·
1425 1561 1467 1594 15

137 1617 254 1671 δῶρα
276 1617 327 1659 δέ
343 1632 407 1658 τοι
428 1613 552 1658 δώσω
573 1614 738 1671 ξεινήια
758 1612 894 1658 πολλοὶ
913 1615 986 1658 καὶ
1005 1615 1152 1659 ἐσθλά.

136 1684 222 1739 εἰμὶ
248 1680 291 1726 δ’
313 1681 396 1739 ἐγώ
415 1681 621 1739 βασιλεὺς
645 1687 949 1738 Φυσίγναθος,
979 1680 1024 1732 ὃς
1044 1681 1153 1726 κατὰ
1176 1688 1333 1740 λίμνην

134 1753 321 1807 τιμῶμαι
341 1750 572 1806 βατράχων
592 1747 831 1807 ἡγούμενος
850 1747 990 1806 ἤματα
1010 1749 1172 1794 πάντα·

134 1823 212 1862 καί
226 1836 278 1875 με
298 1816 438 1874 πατὴρ
457 1817 633 1875 Πηλεὺς
654 1815 930 1873 ἀνεθρέψατο
943 1853 953 1873 ‚
973 1815 1295 1876 ρῬδρομεδούσῃ

135 1887 306 1942 μιχθεὶς
327 1888 375 1930 ἐν
394 1885 591 1942 φιλότητι
612 1883 717 1942 παρ’
738 1884 875 1942 ὄχθας
891 1883 1149 1942 Ἠριδανοῖο.
1423 1899 1467 1931 20

135 1955 209 1997 καὶ
231 1954 278 1997 σε
300 1951 342 1997 δ’
364 1950 452 2009 ὁρῶ
470 1953 604 1998 καλόν
623 1971 669 1997 τε
690 1954 763 1997 καὶ
784 1952 968 2010 ἄλκιμον
988 1957 1136 2010 ἔξοχον
1155 1951 1314 2007 ἄλλων,
1352 1952 1355 1954 ’

136 2024 411 2078 σκηπτοῦχον
429 2024 616 2078 βασιλῆα
637 2022 710 2065 καὶ
730 2023 778 2065 ἐν
797 2023 1020 2077 πολέμοισι
1039 2020 1235 2078 μαχητὴν

137 2093 316 2146 ἔμμεναι
328 2094 339 2111 ’“
367 2087 463 2133 ἀλλ’
486 2088 562 2145 ἄγε
581 2092 752 2133 θᾶσσον
772 2088 847 2146 ἑὴν
865 2087 1022 2145 γενεὴν
1041 2087 1237 2145 ἀγόρευε.

227 2155 314 2200 Τὸν
334 2154 378 2201 δ’
400 2151 457 2200 αὖ
481 2155 710 2214 Ψιχάρπαξ
731 2154 995 2214 ἀπαμείβετο
1016 2156 1221 2214 φώνησέν
1239 2169 1307 2201 τε·

142 2228 274 2268 Τίπτε
292 2225 417 2281 γένος
436 2221 600 2281 τούμὸν
620 2230 776 2281 ζητεῖς;
809 2227 942 2281 δῆλον
962 2222 1007 2268 δ’
1030 2227 1077 2268 ἐν
1096 2223 1259 2269 ἅπασιν
1425 2235 1469 2269 25

135 2289 389 2348 ἀνθρώποις
407 2311 453 2336 τε
471 2299 594 2343 θεοῖς
612 2310 657 2336 τε
678 2293 750 2336 καὶ
769 2290 990 2348 οὐρανίοις
1010 2302 1247 2349 πετεηνοῖς.
