1619 2556
182 125 233 165 16
504 139 547 169 11.
582 137 662 169 ΕΙΣ
685 135 953 169 ΑΠΟΛΛΩΝΑ
983 134 1183 168 ΠΤΘΙΟΝ.

185 244 263 298 νῆα
282 241 415 298 θοήν·
446 244 493 285 ἐν
515 238 557 284 δ’
578 239 735 296 ἅνδρες
755 245 859 284 ἔσαν
887 242 1035 291 πολέες
1055 258 1099 283 τε
1120 240 1189 282 καὶ
1212 240 1371 283 ἐσθλοι.
1402 244 1499 296 [3⁴³5]

185 313 348 366 Κρῆτες
366 307 449 352 ἀπὸ
470 312 657 352 Κνωσοῦ
678 313 903 363 Μινωίου,
932 312 976 352 οἵ
994 310 1048 364 ῥα
1067 305 1108 350 τ’
1128 305 1280 350 ἄνακτι

449 380 468 402 ια
740 380 759 401 a:
1028 376 1044 395 ια

182 444 319 501 οἱμὲν
338 446 407 488 ἐπὶ
428 447 584 501 πρῆξιν
605 445 677 487 καὶ
695 442 889 500 χρήματα
910 445 982 500 νηὶ
1000 448 1182 500 μελαίνῃ

182 515 223 563 ἐς
242 511 395 556 Πύλον
415 509 665 569 ἠμαθόεντα
684 513 964 568 Πυληγενέας
982 509 1023 554 τ’
1043 508 1306 566 ἀνθρώπους
1434 521 1502 553 220

182 586 356 625 ἔπλεον·
387 577 524 634 αὐτὰρ
544 577 566 623 ὁ
586 590 696 623 τοῖσι
715 578 951 635 συνήντετο
972 583 1132 635 Φοῖβος
1148 576 1390 622 Ἀπόλλων·

183 651 229 692 ἐν
250 647 395 707 πόντῳ
419 645 459 691 δ’
481 648 691 702 ἐπόρουσε
713 649 844 703 δέμας
859 650 1033 703 δελφῖνι
1052 645 1201 697 έοικως
1403 649 1500 698 [400]

182 717 252 773 νηὶ
271 719 358 773 θοῇ
372 751 381 766 ,
409 717 481 759 καὶ
501 726 616 760 κεῖτο
636 716 779 770 πέλωρ
799 716 907 771 μέγα
927 732 972 758 τε
993 713 1140 758 δεινόν
1160 726 1224 758 τε·

182 787 269 827 τῶν
291 782 332 827 δ’
353 782 470 834 οὔτις
490 782 597 827 κατὰ
615 781 763 839 θυμὸν
783 779 1050 838 ἐπεφράσατ’
1073 778 1173 826 οὐδ’
1195 780 1366 838 ἐνόησε·

449 855 467 877 n:
742 850 760 868 ²*
1032 857 1053 880 t

181 916 368 963 πάντοθ’
391 915 677 963 ἀνασσείασκε
692 952 702 969 ,
733 923 906 962 τίνασσε
927 917 973 961 δὲ
994 915 1094 974 νήια
1116 919 1264 968 δοῦρα.
1435 926 1501 961 225

181 990 225 1031 οἱ
242 984 284 1030 δ’
305 983 447 1030 ἀκέων
467 988 531 1031 ε’νὶ
551 987 622 1042 νηὶ
641 991 849 1030 καθείατο
870 988 1164 1041 δειμαίνοντες
1177 998 1185 1007 ·

180 1052 279 1098 οὐδ’
302 1058 346 1098 οἵ
362 1051 408 1110 γ’
429 1051 529 1098 ὅπλ’
551 1059 681 1098 ἔλυον
700 1059 851 1110 κοίλην
870 1050 952 1096 ἀνὰ
971 1056 1053 1109 νῆα
1072 1054 1295 1109 μέλαιναν.
1403 1055 1500 1105 [405]

181 1119 279 1166 οὐδ’
300 1124 427 1167 ἕλκον
447 1128 602 1178 λαῖφος
619 1120 722 1178 νηὸς
740 1119 1085 1176 κυανοπρώροιο.

180 1186 278 1234 ἀλλ’
301 1186 357 1240 ὠς
376 1188 427 1233 τὰ
446 1189 663 1245 πρώτιστα
684 1188 997 1246 κατεστήσαντο
1017 1191 1208 1244 βοεῦσιν,

181 1255 237 1308 ὥς
256 1262 432 1301 ἔπλεον·
460 1256 669 1313 κραιπνὸς
691 1257 736 1301 δὲ
756 1256 898 1308 Νότος
917 1255 1185 1300 κατόπισθεν
1206 1260 1350 1311 ἔπειγε
1435 1265 1502 1299 230

181 1328 262 1381 νῆα
281 1324 415 1381 θοήν·
444 1329 618 1381 πρῶτον
639 1325 685 1369 δὲ
705 1329 1025 1382 παρημείβοντο
1049 1322 1265 1377 Μάλειαν,

182 1391 267 1447 πὰρ
283 1393 329 1436 δὲ
340 1396 576 1437 Λακωνίδα
588 1391 852 1449 γαῖαν”Ἐλός
871 1389 928 1446 τ’,
943 1397 1106 1448 ἔφαλον
1117 1395 1392 1445 πτολίεθρον,
1406 1393 1500 1443 [410]

182 1458 274 1514 ἷξον
293 1462 363 1504 καὶ
383 1464 525 1517 χῶρον
543 1460 863 1517 τερψιμβρότου
878 1458 1075 1503 Ἠελίοιο.

187 1534 427 1583 Ταίναρον.
455 1533 567 1574 ἔνθα
587 1546 632 1572 τε
653 1531 766 1584 μῆλα
787 1527 1034 1584 βαθύτριχα
1054 1526 1256 1583 βόσκεται
1273 1525 1359 1568 αιέὶ

180 1594 360 1640 Ἠελίοιο
383 1595 567 1647 ἄνακτος
581 1631 590 1649 ,
621 1600 707 1652 ἔχει
727 1593 770 1639 δ’
793 1597 1022 1651 ἐπιτερπέα
1041 1596 1195 1651 χοῖρον.
1434 1602 1501 1637 235

181 1667 225 1708 ors
237 1664 316 1720 μὲν
335 1661 406 1718 ἄρ’
428 1661 527 1708 ἔνθ’
551 1668 708 1708 ἔθελον
727 1666 811 1720 νῆα
831 1673 952 1719 σχεῖν
981 1659 1052 1719 ἠδ’
1073 1659 1314 1716 ἀποβάντες

181 1731 462 1788 φράσσασθαι
482 1733 590 1788 μέγα
609 1734 760 1788 θαῦμα
780 1732 851 1774 καὶ
871 1728 1165 1786 ὀφθαλμοῖσιν
1185 1730 1374 1782 ἰδέσθαι,
1407 1730 1503 1780 [415]

183 1804 222 1844 εἰ
238 1801 381 1856 μενέει
403 1798 504 1855 νηὸς
523 1801 750 1855 γλαφυρῆς
776 1800 1002 1842 δαπέδοισι
1023 1799 1234 1852 πέλωρον,

182 1864 208 1923 ἢ
228 1872 287 1917 εἰς
307 1865 427 1923 οἶδμ’
450 1865 575 1910 ἅλιον
595 1871 867 1922 πολυΐχθυον
887 1859 1018 1916 αὖθις
1036 1862 1221 1920 ὀρούσει.

182 1932 278 1978 ἀλλ’
300 1932 352 1977 οῦ
373 1938 649 1990 πηδαλίοισιν
669 1936 869 1978 ἐπείθετο
888 1935 995 1989 νηῦς
1016 1929 1208 1988 εὐεργὴς,
1436 1941 1504 1974 240

182 2000 289 2046 ἄλλα
309 2002 445 2057 παρὲκ
463 2001 804 2058 Πελοπόννησον
823 2007 997 2055 πίειραν
1016 2001 1172 2044 ἑκοῦσα

182 2067 246 2126 ἤι’
266 2066 394 2113 ὁδόν·
423 2072 554 2126 πνοιῇ
582 2069 627 2113 δὲ
648 2067 754 2122 ἅναξ
776 2068 977 2124 ἑκάεργος
995 2066 1214 2111 Ἀπόλλων
1406 2068 1503 2118 [420]

185 2140 362 2193 ῥηιδίως
381 2134 506 2182 ἴθυν’
520 2149 529 2158 ·
558 2133 584 2192 ἡ
605 2136 651 2180 δὲ
672 2136 923 2194 πρήσσουσα
942 2137 1157 2180 κέλευθον

181 2204 364 2261 Ἀρήνην
382 2208 506 2248 ἵκανε
526 2204 598 2247 καὶ
615 2202 858 2260 Ἀργυφέην
876 2201 1116 2258 ἐρατεινὴν,

182 2274 253 2317 καὶ
273 2272 441 2327 Θρύον,
468 2270 684 2327 Ἀλφειοῖο
705 2271 863 2327 πόρον,
896 2271 968 2314 καὶ
989 2269 1185 2314 ἐΰκτιτον
1206 2267 1327 2311 Αἶπυ
1436 2277 1502 2310 245

183 2342 251 2384 καὶ
273 2339 425 2384 Πύλον
444 2337 693 2396 ἠμαθόεντα
713 2339 995 2395 Πυληγενέας
1013 2335 1054 2380 τ’
1076 2334 1350 2391 ἀνθρώπους.
