1619 2556
507 119 676 152 xxvm.
706 119 788 151 ΕΙΣ
814 117 1025 151 ΑΘΗΝΑΝ.
1379 107 1428 144 77

103 222 240 280 αὐτὰρ
262 223 371 280 ἐπὴν
388 225 562 279 τερφθῇ
580 222 856 278 θηροσκόπος
876 225 1082 279 ἰοχεάιρα,

105 290 305 349 εὐφρήνῃ
325 292 371 335 δὲ
392 290 518 345 νόον,
550 289 758 346 χαλάσασ’
781 288 1003 347 εὐκαμπέα
1022 288 1122 342 τόξα

104 365 272 415 ε”ρχεται
292 361 334 410 ἐς
353 360 462 415 μέγα
483 361 604 414 δῶμα
625 358 903 414 κασιγνήτοιο
923 363 1081 414 φίλοιο,

106 432 273 483 Φοίβου
290 425 581 480 Ἀπόλλωνος,
612 429 804 481 Δελφῶν
824 429 866 477 ἐς
885 431 1015 469 πίονα
1037 427 1188 481 δῆμον,

104 498 304 538 Μουσῶν
322 495 394 538 καὶ
413 498 616 548 Χαρίτων
635 493 771 537 καλὸν
790 493 921 550 χορὸν
940 491 1222 550 άρτυνέουσα.
1395 503 1432 534 l'o

105 568 215 607 ἔνθα
234 561 596 617 κατακρεμάσασα
616 567 853 605 παλίντονα
875 561 975 613 τόξα
995 561 1067 604 καὶ
1087 558 1180 609 ἰοὺς

58 642 61 643 ’
104 628 291 687 ἡγεῖται,
322 634 526 686 χαρίεντα
545 630 644 684 περὶ
663 635 758 685 χροῒ
777 628 940 686 κόσμον
960 634 1131 683 ἔχουσα,

105 697 341 754 ἐξάρχουσα
359 696 533 754 χορούς·
564 699 612 740 αἱ
629 694 671 740 δ’
692 695 935 753 ἀμβροσίην
955 693 1029 739 ὄπ’
1051 700 1181 739 ἰεῖσαι

106 763 321 822 ὑμνεῦσιν
340 764 468 821 Λητῶ
489 769 810 820 καλλίσφυρον,
841 762 897 815 ῶς
915 765 1010 808 τέκε
1030 766 1190 813 παῖδας

105 831 342 877 ἀθανάτων
361 835 501 889 βουλῇ
521 849 566 874 τε
586 833 659 875 καὶ
679 837 888 889 ἔργμασιν
908 829 1019 887 ἔξοχ’
1042 829 1254 885 ἀρίστους.
1392 841 1435 872 20

209 905 412 956 Χαίρετε,
440 902 569 943 τέκνα
589 898 697 950 Διὸς
717 901 788 943 καὶ
808 902 978 956 Λητοῦς
1004 896 1232 955 ἠϋκόμοιο·

106 966 243 1024 αὐτὰρ
264 967 377 1024 ἐγῶν
396 965 542 1024 ὑμέων
560 985 605 1010 τε
626 969 697 1011 καὶ
718 966 848 1024 ἄλλης
868 964 1056 1023 μνήσομ’
1078 963 1238 1022 ἀοιδῆς.

663 1186 879 1228 XXVIII.

606 1279 688 1311 ΕΙΣ
719 1276 929 1311 ΑΘΗΝΑΝ.

208 1371 410 1419 Παλλάδ’
432 1372 694 1430 Ἀθηναίην,
724 1370 893 1429 κυδρὴν
913 1371 1047 1427 θεὸν,
1079 1371 1235 1429 ἄρχομ’
1257 1371 1435 1418 ἀείδειν.

107 1445 387 1499 γλαυκῶπιν,
417 1441 682 1498 πολύμητιν,
711 1438 934 1497 ἀμείλιχον
953 1435 1056 1497 ἦτορ
1077 1446 1276 1497 ἔχουσαν,

108 1512 336 1568 παρθένον
354 1514 528 1566 αἰδοίην
542 1544 553 1563 ,
583 1511 882 1565 ἐρυσίπτολιν,
911 1506 1170 1565 ἀλκήεσσαν,

114 1580 373 1635 Τριτογενῆ,
400 1576 480 1635 τὴν
499 1574 628 1628 αὐτὸς
648 1579 843 1632 ἐγείνατο
862 1582 1039 1633 μητίετα
1059 1575 1169 1627 Ζεὺς

109 1649 267 1704 σεμνῆς
287 1648 335 1690 ἐκ
354 1648 546 1702 κεφαλῆς
560 1679 570 1699 ,
600 1643 813 1700 πολεμήια
834 1642 976 1700 τεύχε’
1000 1649 1200 1700 ἔχουσαν,
1418 1656 1437 1688 ὁ

108 1713 291 1772 χρύσεα,
322 1712 673 1771 παμφανόωντα·
701 1713 832 1767 σέβας
853 1710 894 1754 δ’
922 1716 989 1767 ἔχε
1009 1711 1174 1763 πάντας
1193 1708 1387 1767 ὁρῶντας

109 1780 382 1833 ἀθανάτους·
410 1779 437 1838 ἡ
458 1781 504 1825 δὲ
524 1779 722 1837 πρόσθεν
742 1777 849 1830 Διὸς
870 1779 1080 1835 αἰγιόχοιο

109 1851 356 1907 ἐσσυμένως
376 1847 571 1905 ὤρουσεν
592 1845 671 1892 ἀπ’
692 1845 932 1891 άθανάτοιο
952 1847 1159 1904 καρήνου,

109 1915 277 1962 σείσασ’
299 1914 406 1970 ὀξὺν
427 1914 610 1960 ἄκοντα·
640 1916 773 1972 μέγας
798 1918 823 1958 δ
831 1912 840 1928 ’
864 1913 1066 1969 ἐλελίζετ’
1082 1913 1306 1972 ’Όλυμπος

111 1985 260 2030 δεινὸν
277 1983 363 2029 ὑπὸ
383 1989 538 2041 βρίμης
557 1981 881 2040 γλαυκώπιδος·
908 1980 1019 2039 άμφὶ
1040 1983 1087 2027 δὲ
1107 1994 1211 2039 γαῖα
1402 1993 1439 2026 10

110 2054 380 2109 σμερδαλέον
398 2051 595 2108 ἰάχησεν·
625 2049 810 2106 ἐκινήθη
831 2047 870 2093 δ’
896 2048 980 2106 ἄρα
1001 2050 1172 2106 πόντος,

112 2120 271 2178 κύμασι
292 2122 578 2176 πορφυρέοισι
598 2117 849 2174 κυκώμενος
863 2130 872 2139 ·
903 2123 1054 2173 ἔκχυτο
1075 2116 1120 2162 δ’
1141 2116 1254 2175 ἅλμη

113 2190 334 2245 ἐξαπίνης·
363 2191 520 2244 στῆσεν
541 2184 582 2230 δ’
598 2184 848 2240 Ὑπερίονος
867 2183 1026 2241 ἀγλαὸς
1044 2184 1137 2237 υίὸς

110 2259 274 2307 ἵππους
294 2252 524 2306 ῶκύποδας
546 2252 680 2311 δηρὸν
698 2252 878 2309 χρόνον,
910 2253 1050 2298 εἰσόκε
1071 2253 1207 2309 κούρη

113 2321 246 2368 εἵλετ’
267 2321 346 2367 ἄπ’
366 2321 606 2368 άθανάτων
625 2320 756 2379 ὤμων
775 2325 1002 2366 θεοείκελα
1021 2320 1150 2377 τεύχη
1402 2331 1442 2364 15
