1619 2556
187 113 238 153 26
661 123 727 154 111.
761 123 839 155 ΕΙΣ
863 124 1041 155 EPMHN.

283 232 413 272 Τίπτε
429 226 497 271 σὺ.
515 230 813 283 ποικιλομῆτα,
828 226 969 270 πόθεν
983 227 1079 271 τόδε
1099 227 1252 278 νυκτὸς
1268 231 1316 272 ἐν
1335 226 1424 282 ὥρῃ
1448 237 1509 270 155

187 300 310 352 ἔρχῃ,
340 292 569 351 ἀναιδείην
589 297 824 351 ἐπιειμένες
853 297 938 338 νῦν
956 306 1004 338 σε
1023 292 1125 350 μάλ’
1145 302 1223 339 οἴω

189 361 212 420 ἦ
230 360 324 419 τάχ’
345 360 541 419 ἀμήχανα
563 361 698 419 δεσμὰ
719 363 817 417 περὶ
835 365 1077 419 πλευρῇσιν
1099 367 1249 418 ἔχοντα

187 433 404 487 Λητοΐδου
422 427 507 473 ὑπὸ
527 432 647 486 χερσὶ
669 430 760 474 διὲκ
780 429 1022 485 προθύροιο
1042 430 1262 486 περήσειν,

190 496 213 556 ἢ
232 499 278 543 σὲ
298 497 432 542 κακὸν
451 497 501 541 τὰ
521 499 668 561 μέταζε
689 496 786 541 κατ’
808 496 942 553 ἄγκεα
962 497 1262 555 φηλητεύσειν,

187 573 307 622 ἔρρε,
334 565 488 609 τάλαν·
509 565 701 622 μεγάλην
720 578 767 609 σε
787 564 926 621 πατὴρ
947 565 1158 621 ἐφύτευσε
1182 568 1396 624 μέριμναν
1449 575 1509 610 160

185 641 364 691 θνητοῖς
384 631 658 688 ἀνθρώποισι
679 634 750 677 καὶ
771 631 1030 677 ἀθανάτοισι
1052 641 1208 678 θεοῖσι.

293 701 381 758 Τὴν
402 700 444 745 δ’
460 699 613 758 Ἑρμῆς
632 700 842 758 μύθοισιν
861 698 1062 757 ἀμείβετο
1082 703 1353 757 κερδαλέοισι
1367 714 1375 723 ·

185 773 316 827 μῆτερ
336 769 437 826 ἐμὴ,
463 774 508 813 τί
522 787 573 826 με
592 772 728 812 ταῦτα
749 772 991 819 δεδίσκεαι,
1022 766 1123 825 ἠύτε
1144 771 1298 814 τέκνον

186 838 344 895 νήπιον
357 873 366 888 ,
395 834 441 888 ὃς
461 836 574 894 μάλα
596 839 741 892 παῦρα
761 835 865 893 μετὰ
886 838 1044 892 φρεσὶν
1063 843 1221 882 αἴσυλα
1241 838 1346 892 οἶδε,

186 907 445 962 ταρβαλέον,
476 906 546 948 καὶ
565 903 722 961 μητρὸς
741 901 1070 949 ὑπαιδείδοικεν
1090 905 1262 956 ε’νιπάς;
1451 913 1510 948 165

185 972 321 1028 αὐτὰρ
345 971 428 1029 ε’γώ
447 974 598 1029 τέχνης
622 972 903 1029 ἐπιβήσομαι,
930 971 1022 1028 ἥτις
1041 971 1208 1030 ἀρίστη,

186 1044 205 1067 *
226 1040 453 1098 βουλεύων
473 1040 544 1097 ἐμὲ
565 1041 637 1084 καὶ
657 1041 703 1085 σε
725 1041 979 1097 διαμπερές·
1008 1038 1110 1084 οὐδὲ
1131 1047 1274 1086 θεοῖσι

188 1112 264 1153 νῶι
283 1106 381 1165 μετ’
402 1106 690 1152 ἀθανάτοισιν
710 1106 925 1164 ἀδώρητοι
948 1110 1019 1152 καὶ
1039 1106 1204 1153 ἄλιστοι

185 1174 321 1221 αὐτοῦ
339 1179 443 1234 τῇδε
462 1178 665 1232 μένοντες
685 1173 935 1232 ἀνεξόμεθ’,
969 1174 1025 1227 ὡς
1046 1175 1100 1219 σὺ
1119 1177 1322 1227 κελεύεις.

186 1247 391 1302 βέλτερον
414 1243 550 1301 ἤματα
569 1243 711 1287 πάντα
733 1242 827 1300 μετ’
849 1241 1087 1295 ἀθανάτοις
1107 1242 1306 1300 ὀαρίζειν
1451 1254 1512 1290 170

186 1311 418 1367 πλούσιον,
447 1309 653 1368 ἀφνειὸν,
683 1312 944 1367 πολυλήιον,
974 1309 1126 1368 ἢκατα
1147 1315 1268 1369 δῶμα

187 1379 330 1439 ἄντρῳ
352 1383 400 1424 ἐν
422 1377 616 1436 ἠερόεντι
636 1383 909 1437 θαασσέμεν·
936 1377 1046 1436 ἀμφὶ
1067 1380 1113 1424 δὲ
1134 1383 1248 1436 τιμῇ,

187 1446 304 1504 κάγώ
326 1451 398 1504 τῆς
418 1445 537 1504 ὁσίης
557 1446 838 1505 ἐπιβήσομαι,
867 1441 1005 1504 ἧσπερ
1023 1445 1252 1491 Ἀπόλλων.

188 1521 227 1560 εἰ
246 1518 297 1560 δέ
312 1534 359 1559 κε
379 1514 436 1572 μὴ
459 1515 593 1572 δώῃσι
613 1514 752 1572 πατὴρ
774 1514 894 1573 ἐμὸς,
922 1513 1016 1572 ἤτοι
1036 1520 1170 1571 ε”γωγε

188 1583 378 1640 πειρήσω
402 1609 458 1615 -
484 1582 672 1640 δύναμαι
695 1610 752 1616 —-
775 1585 1004 1640 φηλητέων
1022 1580 1208 1639 ὄρχαμος
1229 1583 1351 1627 εἶναι.
1452 1594 1513 1630 175

192 1656 227 1696 εί
247 1653 298 1696 δέ
313 1649 360 1708 μ’
381 1651 605 1708 ἐρευνήσει
625 1653 793 1708 Λητοῦς
814 1653 1034 1706 ἐρικυδέος
1053 1650 1159 1704 υίὸς,

188 1718 291 1763 ἄλλο
313 1724 356 1763 τί
371 1721 416 1763 οἵ
430 1720 502 1762 καὶ
521 1725 665 1776 μεῖζον
685 1717 828 1776 ὀΐομαι
850 1716 1164 1775 ἀντιβολήσειν.

189 1787 274 1843 εἶμι
294 1786 376 1842 γὰρ
399 1791 458 1837 εἰς
478 1790 679 1830 Πυθῶνα
698 1789 836 1844 μέγαν
858 1785 993 1842 δόμον
1012 1783 1330 1842 ἀντιτορήσων·

189 1860 322 1900 ἔνθεν
341 1853 434 1904 ἅλις
453 1857 660 1910 τρίποδας
679 1855 964 1910 περικαλλέας
983 1851 1060 1910 ἠδὲ
1080 1856 1262 1911 λέβητας

190 1921 398 1978 πορθήσω
419 1924 491 1966 καὶ
511 1921 696 1979 χρυσὸν,
725 1921 819 1972 ἅλις
838 1919 879 1964 τ’
901 1929 1075 1966 αἴθωνα
1099 1925 1292 1978 σίδηρον,
1451 1932 1513 1967 180

190 1991 261 2034 καὶ
281 1989 445 2046 πολλὴν
466 1993 650 2046 ἐσθῆτα·
677 1989 731 2033 σὺ
757 1986 799 2034 δ’
820 1987 969 2043 ὄψεαι,
1000 1986 1090 2033 αἰ’κ’
1112 1991 1345 2046 ἐθέλῃσθα.

282 2055 359 2108 Ὣς
379 2061 424 2102 oc
437 2060 518 2114 μέν
543 2056 585 2114 ῤ’
609 2060 779 2102 ἐπέεσσι
801 2055 906 2111 πρὸς
927 2054 1138 2114 ἀλλήλους
1157 2054 1383 2112 ἀγόρευον.

193 2125 279 2176 υἱός
304 2123 340 2168 τ’
364 2125 572 2183 αἰγιόχοιο
593 2125 700 2176 Διὸς
721 2127 789 2169 καὶ
811 2123 965 2168 πότνια
986 2129 1124 2168 Μαῖα.

182 2192 293 2244 Ἡως
316 2191 359 2236 δ’
381 2191 599 2249 ἠριγένεια
625 2193 744 2249 φόως
763 2200 964 2248 θνητοῖσι
985 2194 1178 2247 φέρουσα

192 2258 354 2315 ὤρνυτ’
378 2259 454 2304 ἀπ’
475 2259 696 2305 Ὠκεανοῖο
718 2258 995 2317 βαθυρρόου·
1022 2256 1158 2313 αὐτὰρ
1177 2257 1397 2304 Ἀπόλλων
1453 2270 1513 2305 185

191 2326 462 2385 Ὀγχηστόνδ’
483 2327 669 2385 ἀφίκανε
690 2329 819 2379 κιών,
849 2326 1122 2383 πολυήρατον
1141 2326 1269 2378 ἄλσος
