<?xml version="1.0" encoding="UTF-8"?>
<!DOCTYPE html PUBLIC "-//W3C//DTD XHTML 1.0 Transitional//EN"
    "http://www.w3.org/TR/xhtml1/DTD/xhtml1-transitional.dtd">
<html xmlns="http://www.w3.org/1999/xhtml" xml:lang="en" lang="en">
 <head>
  <title>
</title>
<meta http-equiv="Content-Type" content="text/html;charset=utf-8" />
  <meta name='ocr-system' content='tesseract 3.04.00' />
  <meta name='ocr-capabilities' content='ocr_page ocr_carea ocr_par ocr_line ocrx_word'/>
</head>
<body>
  <div class='ocr_page' id='page_1' title='image "./hymnihomericiacc00homeuoft_0081.png"; bbox 0 0 1619 2556; ppageno 0'>
   <div class='ocr_carea' id='block_1_1' title="bbox 551 93 1439 137">
    <p class='ocr_par' dir='ltr' id='par_1_1' title="bbox 551 93 1439 137">
     <span class='ocr_line' id='line_1_1' title="bbox 551 93 1439 137; baseline -0.006 -2"><span class='ocrx_word' id='word_1_1' title='bbox 551 104 591 135; x_wconf 92' lang='lat' dir='ltr'><strong><em>V.</em></strong></span> <span class='ocrx_word' id='word_1_2' title='bbox 621 104 701 136; x_wconf 88' lang='grc' dir='ltr'><strong><em>ΕΙΣ</em></strong></span> <span class='ocrx_word' id='word_1_3' title='bbox 726 102 1004 137; x_wconf 80' lang='grc' dir='ltr'><strong><em>ΔΗΜΗΤΡΑΝ.</em></strong></span> <span class='ocrx_word' id='word_1_4' title='bbox 1387 93 1439 131; x_wconf 81' lang='grc'><strong><em>63</em></strong></span> 
     </span>
    </p>
   </div>
   <div class='ocr_carea' id='block_1_2' title="bbox 60 205 1446 2372">
    <p class='ocr_par' dir='ltr' id='par_1_2' title="bbox 60 205 1446 1556">
     <span class='ocr_line' id='line_1_2' title="bbox 123 205 1446 290; baseline -0.004 -37"><span class='ocrx_word' id='word_1_5' title='bbox 123 210 169 252; x_wconf 84' lang='grc' dir='ltr'><strong><em>ἐκ</em></strong></span> <span class='ocrx_word' id='word_1_6' title='bbox 187 211 265 253; x_wconf 80' lang='grc' dir='ltr'><strong><em>τοῦ</em></strong></span> <span class='ocrx_word' id='word_1_7' title='bbox 283 212 328 253; x_wconf 79' lang='grc' dir='ltr'><strong><em>οἱ</em></strong></span> <span class='ocrx_word' id='word_1_8' title='bbox 343 207 558 290; x_wconf 81' lang='grc' dir='ltr'><strong><em>πρόπολος</em></strong></span> <span class='ocrx_word' id='word_1_9' title='bbox 578 205 690 251; x_wconf 81' lang='grc' dir='ltr'><strong><em>καὶ’</em></strong></span> <span class='ocrx_word' id='word_1_10' title='bbox 669 207 821 252; x_wconf 84' lang='grc' dir='ltr'><strong><em>οπάων</em></strong></span> <span class='ocrx_word' id='word_1_11' title='bbox 840 205 983 252; x_wconf 83' lang='grc' dir='ltr'><strong><em>ἔπλετ’</em></strong></span> <span class='ocrx_word' id='word_1_12' title='bbox 1005 205 1185 252; x_wconf 72' lang='grc' dir='ltr'><strong><em>ἄνασσα.</em></strong></span> <span class='ocrx_word' id='word_1_13' title='bbox 1378 217 1446 251; x_wconf 67' lang='lat'><strong><em>440</em></strong></span> 
     </span>
     <span class='ocr_line' id='line_1_3' title="bbox 121 269 1343 357; baseline -0.001 -38"><span class='ocrx_word' id='word_1_14' title='bbox 121 286 215 327; x_wconf 85' lang='grc' dir='ltr'><strong><em>ταῖς</em></strong></span> <span class='ocrx_word' id='word_1_15' title='bbox 235 276 282 320; x_wconf 87' lang='grc' dir='ltr'><strong><em>δε</em></strong></span> <span class='ocrx_word' id='word_1_16' title='bbox 285 273 396 357; x_wconf 81' lang='grc' dir='ltr'><strong><em>μετ’</em></strong></span> <span class='ocrx_word' id='word_1_17' title='bbox 417 273 605 333; x_wconf 68' lang='grc' dir='ltr'><strong><em>ἄγγελον</em></strong></span> <span class='ocrx_word' id='word_1_18' title='bbox 624 269 701 332; x_wconf 81' lang='grc' dir='ltr'><strong><em>ἧκε</em></strong></span> <span class='ocrx_word' id='word_1_19' title='bbox 719 274 999 333; x_wconf 77' lang='grc' dir='ltr'><em>βαρύκτυπος</em></span> <span class='ocrx_word' id='word_1_20' title='bbox 1020 273 1151 331; x_wconf 79' lang='grc' dir='ltr'><strong><em>εὐρύο</em></strong></span> <span class='ocrx_word' id='word_1_21' title='bbox 1160 294 1213 319; x_wconf 80' lang='grc' dir='ltr'><strong><em>τα</em></strong></span> <span class='ocrx_word' id='word_1_22' title='bbox 1232 273 1343 325; x_wconf 84' lang='grc' dir='ltr'><strong><em>Ζεὺς</em></strong></span> 
     </span>
     <span class='ocr_line' id='line_1_4' title="bbox 114 340 1073 401; baseline 0 -14"><span class='ocrx_word' id='word_1_23' title='bbox 114 340 294 401; x_wconf 87' lang='grc' dir='ltr'><strong><em>Ῥείην’</em></strong></span> <span class='ocrx_word' id='word_1_24' title='bbox 271 343 485 401; x_wconf 82' lang='grc' dir='ltr'><strong><em>ηὕκομον,</em></strong></span> <span class='ocrx_word' id='word_1_25' title='bbox 515 343 747 401; x_wconf 79' lang='grc' dir='ltr'><em>Δημήτερα</em></span> <span class='ocrx_word' id='word_1_26' title='bbox 765 342 1073 389; x_wconf 79' lang='grc' dir='ltr'><strong><em>κυανόπεπλον</em></strong></span> 
     </span>
     <span class='ocr_line' id='line_1_5' title="bbox 119 409 1198 469; baseline -0.001 -13"><span class='ocrx_word' id='word_1_27' title='bbox 119 409 321 468; x_wconf 83' lang='grc' dir='ltr'><strong><em>ἀξέμεναι</em></strong></span> <span class='ocrx_word' id='word_1_28' title='bbox 339 410 445 469; x_wconf 76' lang='grc' dir='ltr'><strong><em>μετὰ</em></strong></span> <span class='ocrx_word' id='word_1_29' title='bbox 466 415 584 468; x_wconf 86' lang='grc' dir='ltr'><strong><em>φῦλα</em></strong></span> <span class='ocrx_word' id='word_1_30' title='bbox 603 415 746 465; x_wconf 73' lang='grc' dir='ltr'><strong><em>θεῶν,</em></strong></span> <span class='ocrx_word' id='word_1_31' title='bbox 773 409 986 456; x_wconf 78' lang='grc' dir='ltr'><strong><em>ὑπέδεκτο</em></strong></span> <span class='ocrx_word' id='word_1_32' title='bbox 1006 412 1053 455; x_wconf 77' lang='grc' dir='ltr'><strong><em>δὲ</em></strong></span> <span class='ocrx_word' id='word_1_33' title='bbox 1074 409 1198 468; x_wconf 82' lang='grc' dir='ltr'><strong><em>τιμάς</em></strong></span> 
     </span>
     <span class='ocr_line' id='line_1_6' title="bbox 121 477 1239 537; baseline 0 -14"><span class='ocrx_word' id='word_1_34' title='bbox 121 481 337 536; x_wconf 80' lang='grc' dir='ltr'><em>δωσέμεν,</em></span> <span class='ocrx_word' id='word_1_35' title='bbox 364 478 416 530; x_wconf 77' lang='grc' dir='ltr'><strong><em>ἅς</em></strong></span> <span class='ocrx_word' id='word_1_36' title='bbox 435 497 513 523; x_wconf 89' lang='grc' dir='ltr'><strong><em>κεν</em></strong></span> <span class='ocrx_word' id='word_1_37' title='bbox 531 483 669 525; x_wconf 78' lang='grc' dir='ltr'><strong><em>ἕλοιτο</em></strong></span> <span class='ocrx_word' id='word_1_38' title='bbox 689 478 783 537; x_wconf 85' lang='grc' dir='ltr'><strong><em>μετ’</em></strong></span> <span class='ocrx_word' id='word_1_39' title='bbox 804 477 1064 524; x_wconf 71' lang='grc' dir='ltr'><strong><em>ἀθανάτοισι</em></strong></span> <span class='ocrx_word' id='word_1_40' title='bbox 1082 486 1239 523; x_wconf 83' lang='grc' dir='ltr'><strong><em>θεοῖσι.</em></strong></span> 
     </span>
     <span class='ocr_line' id='line_1_7' title="bbox 120 546 1443 604; baseline -0.001 -13"><span class='ocrx_word' id='word_1_41' title='bbox 120 550 246 591; x_wconf 84' lang='grc' dir='ltr'><em>νεῦσε</em></span> <span class='ocrx_word' id='word_1_42' title='bbox 267 549 318 592; x_wconf 87' lang='grc' dir='ltr'><strong><em>δέ</em></strong></span> <span class='ocrx_word' id='word_1_43' title='bbox 333 550 378 592; x_wconf 73' lang='grc' dir='ltr'><strong><em>οἱ</em></strong></span> <span class='ocrx_word' id='word_1_44' title='bbox 391 546 556 604; x_wconf 88' lang='grc' dir='ltr'><strong><em>κούρην</em></strong></span> <span class='ocrx_word' id='word_1_45' title='bbox 574 553 689 599; x_wconf 79' lang='grc' dir='ltr'><strong><em>ἔτεος</em></strong></span> <span class='ocrx_word' id='word_1_46' title='bbox 708 550 1083 604; x_wconf 75' lang='grc' dir='ltr'><strong><em>περιτελλομένοιο</em></strong></span> <span class='ocrx_word' id='word_1_47' title='bbox 1377 556 1443 590; x_wconf 75' lang='lat'><strong><em>445</em></strong></span> 
     </span>
     <span class='ocr_line' id='line_1_8' title="bbox 60 612 1187 673; baseline 0.001 -15"><span class='ocrx_word' id='word_1_48' title='bbox 60 627 64 629; x_wconf 69' lang='grc'>“</span> <span class='ocrx_word' id='word_1_49' title='bbox 117 612 196 671; x_wconf 82' lang='grc' dir='ltr'><strong><em>τήν</em></strong></span> <span class='ocrx_word' id='word_1_50' title='bbox 215 614 417 672; x_wconf 74' lang='grc' dir='ltr'><strong><em>τριτάτην</em></strong></span> <span class='ocrx_word' id='word_1_51' title='bbox 435 616 515 672; x_wconf 75' lang='grc' dir='ltr'><strong><em>μὲν</em></strong></span> <span class='ocrx_word' id='word_1_52' title='bbox 535 627 692 673; x_wconf 76' lang='grc' dir='ltr'><strong><em>μοῖραν</em></strong></span> <span class='ocrx_word' id='word_1_53' title='bbox 711 613 796 660; x_wconf 83' lang='grc' dir='ltr'><strong><em>ὑπὸ</em></strong></span> <span class='ocrx_word' id='word_1_54' title='bbox 817 614 949 672; x_wconf 77' lang='grc' dir='ltr'><strong><em>ζόφον</em></strong></span> <span class='ocrx_word' id='word_1_55' title='bbox 967 613 1187 672; x_wconf 79' lang='grc' dir='ltr'><strong><em>ἠερόεντα,</em></strong></span> 
     </span>
     <span class='ocr_line' id='line_1_9' title="bbox 116 681 1230 741; baseline -0.001 -14"><span class='ocrx_word' id='word_1_56' title='bbox 116 681 190 735; x_wconf 79' lang='grc' dir='ltr'><strong><em>τὰς</em></strong></span> <span class='ocrx_word' id='word_1_57' title='bbox 211 683 259 728; x_wconf 78' lang='grc' dir='ltr'><strong><em>δὲ</em></strong></span> <span class='ocrx_word' id='word_1_58' title='bbox 280 682 370 727; x_wconf 91' lang='grc' dir='ltr'><strong><em>δύω</em></strong></span> <span class='ocrx_word' id='word_1_59' title='bbox 390 682 506 739; x_wconf 83' lang='grc' dir='ltr'><strong><em>παρά</em></strong></span> <span class='ocrx_word' id='word_1_60' title='bbox 526 686 654 741; x_wconf 84' lang='grc' dir='ltr'><strong><em>μητρὶ</em></strong></span> <span class='ocrx_word' id='word_1_61' title='bbox 673 686 745 728; x_wconf 82' lang='grc' dir='ltr'><strong><em>καὶ</em></strong></span> <span class='ocrx_word' id='word_1_62' title='bbox 764 682 910 734; x_wconf 71' lang='grc' dir='ltr'><strong><em>ἄλλοις</em></strong></span> <span class='ocrx_word' id='word_1_63' title='bbox 930 681 1230 728; x_wconf 86' lang='grc' dir='ltr'><strong><em>ἀθανάτοισιν.</em></strong></span> 
     </span>
     <span class='ocr_line' id='line_1_10' title="bbox 117 748 1190 809; baseline 0 -15"><span class='ocrx_word' id='word_1_64' title='bbox 117 748 173 802; x_wconf 68' lang='grc' dir='ltr'><strong><em>(ὃς</em></strong></span> <span class='ocrx_word' id='word_1_65' title='bbox 192 749 341 807; x_wconf 83' lang='grc' dir='ltr'><strong><em>ἔφατ’·</em></strong></span> <span class='ocrx_word' id='word_1_66' title='bbox 370 749 469 795; x_wconf 75' lang='grc' dir='ltr'><strong><em>οὐδ’</em></strong></span> <span class='ocrx_word' id='word_1_67' title='bbox 491 749 681 809; x_wconf 86' lang='grc' dir='ltr'><strong><em>ἀπίθησε</em></strong></span> <span class='ocrx_word' id='word_1_68' title='bbox 699 750 784 796; x_wconf 78' lang='grc' dir='ltr'><strong><em>θεά</em></strong></span> <span class='ocrx_word' id='word_1_69' title='bbox 804 750 911 802; x_wconf 82' lang='grc' dir='ltr'><strong><em>Διὸς</em></strong></span> <span class='ocrx_word' id='word_1_70' title='bbox 932 750 1190 808; x_wconf 75' lang='grc' dir='ltr'><strong><em>ἀγγελιάων.</em></strong></span> 
     </span>
     <span class='ocr_line' id='line_1_11' title="bbox 116 817 1172 877; baseline 0 -15"><span class='ocrx_word' id='word_1_71' title='bbox 116 820 362 876; x_wconf 79' lang='grc' dir='ltr'><strong><em>ἐσσυμένως</em></strong></span> <span class='ocrx_word' id='word_1_72' title='bbox 383 817 426 863; x_wconf 88' lang='grc' dir='ltr'><strong><em>δ’</em></strong></span> <span class='ocrx_word' id='word_1_73' title='bbox 446 817 536 875; x_wconf 79' lang='grc' dir='ltr'><strong><em>ἤιξε</em></strong></span> <span class='ocrx_word' id='word_1_74' title='bbox 556 819 652 864; x_wconf 88' lang='grc' dir='ltr'><strong><em>κατ’</em></strong></span> <span class='ocrx_word' id='word_1_75' title='bbox 677 817 930 877; x_wconf 79' lang='grc' dir='ltr'><strong><em>Οὐλύμποιο</em></strong></span> <span class='ocrx_word' id='word_1_76' title='bbox 955 819 1172 876; x_wconf 75' lang='grc' dir='ltr'><strong><em>καρήνων,</em></strong></span> 
     </span>
     <span class='ocr_line' id='line_1_12' title="bbox 117 881 1443 944; baseline -0.001 -14"><span class='ocrx_word' id='word_1_77' title='bbox 117 891 176 937; x_wconf 84' lang='grc' dir='ltr'><strong><em>εἰς</em></strong></span> <span class='ocrx_word' id='word_1_78' title='bbox 197 884 240 930; x_wconf 87' lang='grc' dir='ltr'><strong><em>δ’</em></strong></span> <span class='ocrx_word' id='word_1_79' title='bbox 261 885 344 943; x_wconf 73' lang='grc' dir='ltr'><strong><em>ἄρα</em></strong></span> <span class='ocrx_word' id='word_1_80' title='bbox 361 884 527 942; x_wconf 87' lang='grc' dir='ltr'><strong><em>Ῥάριον</em></strong></span> <span class='ocrx_word' id='word_1_81' title='bbox 547 885 630 942; x_wconf 81' lang='grc' dir='ltr'><strong><em>ἷξε,</em></strong></span> <span class='ocrx_word' id='word_1_82' title='bbox 660 889 896 944; x_wconf 84' lang='grc' dir='ltr'><strong><em>φερέσβιον</em></strong></span> <span class='ocrx_word' id='word_1_83' title='bbox 913 881 1058 943; x_wconf 73' lang='grc' dir='ltr'><strong><em>οὖθαρ</em></strong></span> <span class='ocrx_word' id='word_1_84' title='bbox 1084 886 1273 944; x_wconf 69' lang='grc' dir='ltr'><strong><em>ἀρούρης</em></strong></span> <span class='ocrx_word' id='word_1_85' title='bbox 1376 896 1443 931; x_wconf 76' lang='lat'><strong><em>450</em></strong></span> 
     </span>
     <span class='ocr_line' id='line_1_13' title="bbox 115 952 1339 1012; baseline 0 -14"><span class='ocrx_word' id='word_1_86' title='bbox 115 952 161 998; x_wconf 83' lang='grc' dir='ltr'><strong><em>τὸ</em></strong></span> <span class='ocrx_word' id='word_1_87' title='bbox 181 956 307 1011; x_wconf 86' lang='grc' dir='ltr'><strong><em>πρὶν,</em></strong></span> <span class='ocrx_word' id='word_1_88' title='bbox 339 953 446 1012; x_wconf 77' lang='grc' dir='ltr'><strong><em>ἀτὰρ</em></strong></span> <span class='ocrx_word' id='word_1_89' title='bbox 469 955 563 1000; x_wconf 89' lang='grc' dir='ltr'><strong><em>τότε</em></strong></span> <span class='ocrx_word' id='word_1_90' title='bbox 583 955 627 1012; x_wconf 81' lang='grc' dir='ltr'><strong><em>γ’</em></strong></span> <span class='ocrx_word' id='word_1_91' title='bbox 647 954 742 1000; x_wconf 79' lang='grc' dir='ltr'><strong><em>οὔτι</em></strong></span> <span class='ocrx_word' id='word_1_92' title='bbox 763 957 1021 1011; x_wconf 84' lang='grc' dir='ltr'><strong><em>φερέσβιον,</em></strong></span> <span class='ocrx_word' id='word_1_93' title='bbox 1052 953 1162 999; x_wconf 81' lang='grc' dir='ltr'><strong><em>ἀλλὰ</em></strong></span> <span class='ocrx_word' id='word_1_94' title='bbox 1183 957 1339 1011; x_wconf 78' lang='grc' dir='ltr'><strong><em>ἕκηλον</em></strong></span> 
     </span>
     <span class='ocr_line' id='line_1_14' title="bbox 115 1021 1256 1080; baseline 0.001 -15"><span class='ocrx_word' id='word_1_95' title='bbox 115 1021 298 1079; x_wconf 75' lang='grc' dir='ltr'><strong><em>εἱστήκει</em></strong></span> <span class='ocrx_word' id='word_1_96' title='bbox 322 1023 630 1079; x_wconf 87' lang='grc' dir='ltr'><strong><em>πανάφυλλον·</em></strong></span> <span class='ocrx_word' id='word_1_97' title='bbox 658 1029 817 1069; x_wconf 79' lang='grc' dir='ltr'><strong><em>ἔκευθε</em></strong></span> <span class='ocrx_word' id='word_1_98' title='bbox 838 1027 864 1067; x_wconf 91' lang='grc' dir='ltr'><strong><em>δ</em></strong></span> <span class='ocrx_word' id='word_1_99' title='bbox 871 1021 881 1037; x_wconf 86' lang='lat'>&#39;</span> <span class='ocrx_word' id='word_1_100' title='bbox 901 1021 985 1078; x_wconf 72' lang='grc' dir='ltr'><strong><em>ἄρα</em></strong></span> <span class='ocrx_word' id='word_1_101' title='bbox 1005 1033 1081 1080; x_wconf 76' lang='grc' dir='ltr'><strong><em>κρῖ</em></strong></span> <span class='ocrx_word' id='word_1_102' title='bbox 1096 1021 1256 1066; x_wconf 88' lang='grc' dir='ltr'><strong><em>λευκὸν</em></strong></span> 
     </span>
     <span class='ocr_line' id='line_1_15' title="bbox 113 1088 1191 1148; baseline 0.001 -15"><span class='ocrx_word' id='word_1_103' title='bbox 113 1088 267 1146; x_wconf 84' lang='grc' dir='ltr'><strong><em>μήδεσι</em></strong></span> <span class='ocrx_word' id='word_1_104' title='bbox 287 1090 518 1148; x_wconf 86' lang='grc' dir='ltr'><strong><em>Δήμητρος</em></strong></span> <span class='ocrx_word' id='word_1_105' title='bbox 536 1091 859 1148; x_wconf 83' lang='grc' dir='ltr'><strong><em>καλλισφύρου·</em></strong></span> <span class='ocrx_word' id='word_1_106' title='bbox 886 1089 1024 1148; x_wconf 75' lang='grc' dir='ltr'><strong><em>αὐτὰρ</em></strong></span> <span class='ocrx_word' id='word_1_107' title='bbox 1045 1095 1191 1136; x_wconf 82' lang='grc' dir='ltr'><strong><em>ἔπειτα</em></strong></span> 
     </span>
     <span class='ocr_line' id='line_1_16' title="bbox 112 1156 1171 1241; baseline 0.001 -40"><span class='ocrx_word' id='word_1_108' title='bbox 112 1159 268 1213; x_wconf 85' lang='grc' dir='ltr'><strong><em>μέλλεν</em></strong></span> <span class='ocrx_word' id='word_1_109' title='bbox 289 1157 408 1215; x_wconf 78' lang='grc' dir='ltr'><strong><em>ἄφαρ</em></strong></span> <span class='ocrx_word' id='word_1_110' title='bbox 429 1170 626 1204; x_wconf 90' lang='grc' dir='ltr'><strong><em>ταναοισι</em></strong></span> <span class='ocrx_word' id='word_1_111' title='bbox 645 1159 851 1241; x_wconf 86' lang='grc' dir='ltr'><strong><em>κομήσειν</em></strong></span> <span class='ocrx_word' id='word_1_112' title='bbox 870 1156 1171 1215; x_wconf 84' lang='grc' dir='ltr'><strong><em>ἀσταχύεσσιν,</em></strong></span> 
     </span>
     <span class='ocr_line' id='line_1_17' title="bbox 113 1223 1442 1312; baseline 0.001 -43.002"><span class='ocrx_word' id='word_1_113' title='bbox 113 1226 214 1281; x_wconf 85' lang='grc' dir='ltr'><strong><em>ἠρος</em></strong></span> <span class='ocrx_word' id='word_1_114' title='bbox 233 1223 502 1283; x_wconf 81' lang='grc' dir='ltr'><strong><em>ἀεξομένοιο,</em></strong></span> <span class='ocrx_word' id='word_1_115' title='bbox 532 1229 651 1272; x_wconf 87' lang='grc' dir='ltr'><strong><em>πέδω</em></strong></span> <span class='ocrx_word' id='word_1_116' title='bbox 673 1225 716 1271; x_wconf 85' lang='grc' dir='ltr'><strong><em>δ’</em></strong></span> <span class='ocrx_word' id='word_1_117' title='bbox 737 1226 819 1312; x_wconf 76' lang='grc' dir='ltr'><strong><em>ἄρα</em></strong></span> <span class='ocrx_word' id='word_1_118' title='bbox 839 1232 985 1278; x_wconf 87' lang='grc' dir='ltr'><strong><em>πίονες</em></strong></span> <span class='ocrx_word' id='word_1_119' title='bbox 1005 1225 1131 1284; x_wconf 82' lang='grc' dir='ltr'><strong><em>ὅγμοι</em></strong></span> <span class='ocrx_word' id='word_1_120' title='bbox 1375 1237 1442 1270; x_wconf 76' lang='lat'><strong><em>455</em></strong></span> 
     </span>
     <span class='ocr_line' id='line_1_18' title="bbox 111 1292 1340 1351; baseline 0.002 -14"><span class='ocrx_word' id='word_1_121' title='bbox 111 1296 318 1350; x_wconf 84' lang='grc' dir='ltr'><strong><em>βρισέμεν</em></strong></span> <span class='ocrx_word' id='word_1_122' title='bbox 337 1292 588 1351; x_wconf 83' lang='grc' dir='ltr'><strong><em>ἀσταχύων.</em></strong></span> <span class='ocrx_word' id='word_1_123' title='bbox 620 1294 672 1340; x_wconf 76' lang='grc' dir='ltr'><strong><em>τὰ</em></strong></span> <span class='ocrx_word' id='word_1_124' title='bbox 696 1293 738 1339; x_wconf 81' lang='grc' dir='ltr'><strong><em>δ’</em></strong></span> <span class='ocrx_word' id='word_1_125' title='bbox 761 1298 809 1340; x_wconf 85' lang='grc' dir='ltr'><strong><em>ἐν</em></strong></span> <span class='ocrx_word' id='word_1_126' title='bbox 828 1297 1099 1339; x_wconf 80' lang='grc' dir='ltr'><strong><em>ἐλλεδανοῖσι</em></strong></span> <span class='ocrx_word' id='word_1_127' title='bbox 1121 1296 1340 1339; x_wconf 82' lang='grc' dir='ltr'><strong><em>δεδέσθαι.</em></strong></span> 
     </span>
     <span class='ocr_line' id='line_1_19' title="bbox 111 1358 1214 1419; baseline 0.001 -15"><span class='ocrx_word' id='word_1_128' title='bbox 111 1358 210 1405; x_wconf 82' lang='grc' dir='ltr'><strong><em>ἔνθ’</em></strong></span> <span class='ocrx_word' id='word_1_129' title='bbox 232 1364 365 1418; x_wconf 83' lang='grc' dir='ltr'><strong><em>ἐπέβη</em></strong></span> <span class='ocrx_word' id='word_1_130' title='bbox 385 1362 629 1419; x_wconf 83' lang='grc' dir='ltr'><strong><em>πρώτιστον</em></strong></span> <span class='ocrx_word' id='word_1_131' title='bbox 647 1362 726 1408; x_wconf 81' lang='grc' dir='ltr'><strong><em>ἀπ’</em></strong></span> <span class='ocrx_word' id='word_1_132' title='bbox 747 1364 922 1419; x_wconf 76' lang='grc' dir='ltr'><strong><em>αἰθέρος</em></strong></span> <span class='ocrx_word' id='word_1_133' title='bbox 942 1360 1214 1419; x_wconf 83' lang='grc' dir='ltr'><strong><em>ἀτρυγέτοιο·</em></strong></span> 
     </span>
     <span class='ocr_line' id='line_1_20' title="bbox 111 1425 1238 1489; baseline 0.003 -17"><span class='ocrx_word' id='word_1_134' title='bbox 111 1425 332 1481; x_wconf 80' lang='grc' dir='ltr'><strong><em>ἀσπασίως</em></strong></span> <span class='ocrx_word' id='word_1_135' title='bbox 354 1428 397 1474; x_wconf 91' lang='grc' dir='ltr'><strong><em>δ’</em></strong></span> <span class='ocrx_word' id='word_1_136' title='bbox 418 1434 516 1475; x_wconf 75' lang='grc' dir='ltr'><strong><em>ἴδον</em></strong></span> <span class='ocrx_word' id='word_1_137' title='bbox 535 1430 743 1489; x_wconf 70' lang='grc' dir='ltr'><strong><em>ἀλλήλας,</em></strong></span> <span class='ocrx_word' id='word_1_138' title='bbox 770 1430 1007 1487; x_wconf 86' lang='grc' dir='ltr'><strong><em>κεχάρηντο</em></strong></span> <span class='ocrx_word' id='word_1_139' title='bbox 1028 1431 1075 1475; x_wconf 79' lang='grc' dir='ltr'><strong><em>δὲ</em></strong></span> <span class='ocrx_word' id='word_1_140' title='bbox 1093 1433 1238 1489; x_wconf 73' lang='grc' dir='ltr'><strong><em>θυμῷ.</em></strong></span> 
     </span>
     <span class='ocr_line' id='line_1_21' title="bbox 110 1490 1159 1556; baseline 0.003 -17"><span class='ocrx_word' id='word_1_141' title='bbox 110 1495 189 1553; x_wconf 83' lang='grc' dir='ltr'><strong><em>τὴν</em></strong></span> <span class='ocrx_word' id='word_1_142' title='bbox 210 1496 253 1541; x_wconf 90' lang='grc' dir='ltr'><strong><em>δ’</em></strong></span> <span class='ocrx_word' id='word_1_143' title='bbox 274 1490 359 1542; x_wconf 66' lang='grc' dir='ltr'><strong><em>οἶδε</em></strong></span> <span class='ocrx_word' id='word_1_144' title='bbox 380 1501 611 1554; x_wconf 88' lang='grc' dir='ltr'><strong><em>προσέειπε</em></strong></span> <span class='ocrx_word' id='word_1_145' title='bbox 624 1497 716 1556; x_wconf 88' lang='grc' dir='ltr'><strong><em>Ῥέη</em></strong></span> <span class='ocrx_word' id='word_1_146' title='bbox 736 1498 1159 1556; x_wconf 82' lang='grc' dir='ltr'><strong><em>λιπαροκρήδεμνος·</em></strong></span> 
     </span>
    </p>

    <p class='ocr_par' dir='ltr' id='par_1_3' title="bbox 107 1564 1442 2236">
     <span class='ocr_line' id='line_1_22' title="bbox 180 1564 1442 1624; baseline 0 -14"><span class='ocrx_word' id='word_1_147' title='bbox 180 1568 327 1623; x_wconf 80' lang='grc' dir='ltr'><strong><em>Δεῦρο</em></strong></span> <span class='ocrx_word' id='word_1_148' title='bbox 348 1569 483 1621; x_wconf 84' lang='grc' dir='ltr'><strong><em>τέκος,</em></strong></span> <span class='ocrx_word' id='word_1_149' title='bbox 508 1571 653 1612; x_wconf 86' lang='grc' dir='ltr'><strong><em>καλέει</em></strong></span> <span class='ocrx_word' id='word_1_150' title='bbox 673 1581 720 1611; x_wconf 90' lang='grc' dir='ltr'><strong><em>σε</em></strong></span> <span class='ocrx_word' id='word_1_151' title='bbox 740 1567 1018 1624; x_wconf 84' lang='grc' dir='ltr'><strong><em>βαρύκτυπος</em></strong></span> <span class='ocrx_word' id='word_1_152' title='bbox 1039 1564 1234 1624; x_wconf 78' lang='grc' dir='ltr'><strong><em>εὐρύοπα</em></strong></span> <span class='ocrx_word' id='word_1_153' title='bbox 1245 1565 1356 1618; x_wconf 73' lang='grc' dir='ltr'><strong><em>Ζεὺς</em></strong></span> <span class='ocrx_word' id='word_1_154' title='bbox 1374 1576 1442 1612; x_wconf 81' lang='lat'><strong><em>460</em></strong></span> 
     </span>
     <span class='ocr_line' id='line_1_23' title="bbox 111 1633 1222 1692; baseline 0.003 -16"><span class='ocrx_word' id='word_1_155' title='bbox 111 1634 345 1690; x_wconf 82' lang='grc' dir='ltr'><strong><em>ἐλθέμεναι</em></strong></span> <span class='ocrx_word' id='word_1_156' title='bbox 364 1633 470 1691; x_wconf 78' lang='grc' dir='ltr'><strong><em>μετά</em></strong></span> <span class='ocrx_word' id='word_1_157' title='bbox 491 1638 609 1691; x_wconf 83' lang='grc' dir='ltr'><strong><em>φῦλα</em></strong></span> <span class='ocrx_word' id='word_1_158' title='bbox 628 1638 771 1687; x_wconf 72' lang='grc' dir='ltr'><strong><em>θεῶν,</em></strong></span> <span class='ocrx_word' id='word_1_159' title='bbox 798 1633 1011 1680; x_wconf 84' lang='grc' dir='ltr'><strong><em>ὑπέδεκτο</em></strong></span> <span class='ocrx_word' id='word_1_160' title='bbox 1032 1635 1079 1679; x_wconf 77' lang='grc' dir='ltr'><strong><em>δὲ</em></strong></span> <span class='ocrx_word' id='word_1_161' title='bbox 1097 1633 1222 1692; x_wconf 76' lang='grc' dir='ltr'><strong><em>τιμὰς</em></strong></span> 
     </span>
     <span class='ocr_line' id='line_1_24' title="bbox 111 1701 1129 1763; baseline 0.003 -18"><span class='ocrx_word' id='word_1_162' title='bbox 111 1711 288 1756; x_wconf 81' lang='grc' dir='ltr'><strong><em>δωσέμεν,</em></strong></span> <span class='ocrx_word' id='word_1_163' title='bbox 313 1711 358 1752; x_wconf 83' lang='grc' dir='ltr'><strong><em>ὅὶς</em></strong></span> <span class='ocrx_word' id='word_1_164' title='bbox 377 1725 442 1748; x_wconf 81' lang='grc' dir='ltr'><strong><em>κεν</em></strong></span> <span class='ocrx_word' id='word_1_165' title='bbox 463 1712 557 1749; x_wconf 74' lang='grc' dir='ltr'><strong><em>ἕλοιο</em></strong></span> <span class='ocrx_word' id='word_1_166' title='bbox 576 1701 673 1763; x_wconf 74' lang='grc' dir='ltr'><strong><em>μετ’</em></strong></span> <span class='ocrx_word' id='word_1_167' title='bbox 694 1702 954 1748; x_wconf 77' lang='grc' dir='ltr'><strong><em>ἀθανάτοισι</em></strong></span> <span class='ocrx_word' id='word_1_168' title='bbox 972 1710 1129 1748; x_wconf 74' lang='grc' dir='ltr'><strong><em>θεοῖσι.</em></strong></span> 
     </span>
     <span class='ocr_line' id='line_1_25' title="bbox 111 1772 1025 1828; baseline 0 -13"><span class='ocrx_word' id='word_1_169' title='bbox 111 1783 215 1816; x_wconf 79' lang='grc' dir='ltr'><strong><em>νεῦσε</em></strong></span> <span class='ocrx_word' id='word_1_170' title='bbox 237 1781 277 1817; x_wconf 85' lang='grc' dir='ltr'><strong><em>δέ</em></strong></span> <span class='ocrx_word' id='word_1_171' title='bbox 298 1794 355 1817; x_wconf 86' lang='grc' dir='ltr'><strong><em>σοι</em></strong></span> <span class='ocrx_word' id='word_1_172' title='bbox 374 1780 513 1828; x_wconf 64' lang='grc' dir='ltr'><strong><em>κούρην</em></strong></span> <span class='ocrx_word' id='word_1_173' title='bbox 535 1781 631 1823; x_wconf 76' lang='grc' dir='ltr'><strong><em>ἔτεος</em></strong></span> <span class='ocrx_word' id='word_1_174' title='bbox 651 1772 1025 1828; x_wconf 88' lang='grc' dir='ltr'><strong><em>περιτελλομένοιο</em></strong></span> 
     </span>
     <span class='ocr_line' id='line_1_26' title="bbox 112 1838 1091 1896; baseline -0.001 -12"><span class='ocrx_word' id='word_1_175' title='bbox 112 1850 176 1894; x_wconf 85' lang='grc' dir='ltr'><strong><em>τὴν</em></strong></span> <span class='ocrx_word' id='word_1_176' title='bbox 195 1847 370 1895; x_wconf 85' lang='grc' dir='ltr'><strong><em>τριτάτην</em></strong></span> <span class='ocrx_word' id='word_1_177' title='bbox 397 1848 463 1895; x_wconf 74' lang='grc' dir='ltr'><strong><em>μὲν</em></strong></span> <span class='ocrx_word' id='word_1_178' title='bbox 486 1855 622 1896; x_wconf 76' lang='grc' dir='ltr'><strong><em>μοῖραν</em></strong></span> <span class='ocrx_word' id='word_1_179' title='bbox 643 1846 717 1885; x_wconf 75' lang='grc' dir='ltr'><strong><em>ὑπὸ</em></strong></span> <span class='ocrx_word' id='word_1_180' title='bbox 737 1851 852 1894; x_wconf 81' lang='grc' dir='ltr'><strong><em>ζόφον</em></strong></span> <span class='ocrx_word' id='word_1_181' title='bbox 873 1838 1091 1896; x_wconf 78' lang='grc' dir='ltr'><strong><em>ἠερόεντα,</em></strong></span> 
     </span>
     <span class='ocr_line' id='line_1_27' title="bbox 111 1905 1440 1965; baseline 0.001 -14"><span class='ocrx_word' id='word_1_182' title='bbox 111 1906 200 1961; x_wconf 79' lang='grc' dir='ltr'><strong><em>[τὰς</em></strong></span> <span class='ocrx_word' id='word_1_183' title='bbox 222 1907 268 1952; x_wconf 76' lang='grc' dir='ltr'><strong><em>δὲ</em></strong></span> <span class='ocrx_word' id='word_1_184' title='bbox 290 1906 381 1952; x_wconf 86' lang='grc' dir='ltr'><strong><em>δύω</em></strong></span> <span class='ocrx_word' id='word_1_185' title='bbox 402 1907 520 1964; x_wconf 73' lang='grc' dir='ltr'><strong><em>παρὰ</em></strong></span> <span class='ocrx_word' id='word_1_186' title='bbox 539 1913 612 1952; x_wconf 90' lang='grc' dir='ltr'><strong><em>σοί</em></strong></span> <span class='ocrx_word' id='word_1_187' title='bbox 626 1925 672 1951; x_wconf 91' lang='grc' dir='ltr'><strong><em>τε</em></strong></span> <span class='ocrx_word' id='word_1_188' title='bbox 692 1908 764 1951; x_wconf 86' lang='grc' dir='ltr'><strong><em>καὶ</em></strong></span> <span class='ocrx_word' id='word_1_189' title='bbox 786 1906 947 1965; x_wconf 76' lang='grc' dir='ltr'><strong><em>ἄλλοις]</em></strong></span> <span class='ocrx_word' id='word_1_190' title='bbox 967 1905 1268 1952; x_wconf 87' lang='grc' dir='ltr'><strong><em>ἀθανάτοισιν.</em></strong></span> <span class='ocrx_word' id='word_1_191' title='bbox 1371 1917 1440 1952; x_wconf 82' lang='lat'><strong><em>465</em></strong></span> 
     </span>
     <span class='ocr_line' id='line_1_28' title="bbox 111 1972 1216 2032; baseline 0.003 -15"><span class='ocrx_word' id='word_1_192' title='bbox 111 1973 167 2025; x_wconf 75' lang='grc' dir='ltr'><strong><em>ὥς</em></strong></span> <span class='ocrx_word' id='word_1_193' title='bbox 185 1992 250 2018; x_wconf 88' lang='grc' dir='ltr'><strong><em>τοι</em></strong></span> <span class='ocrx_word' id='word_1_194' title='bbox 269 1973 434 2032; x_wconf 84' lang='grc' dir='ltr'><strong><em>ὑπέστη</em></strong></span> <span class='ocrx_word' id='word_1_195' title='bbox 454 1981 656 2021; x_wconf 84' lang='grc' dir='ltr'><strong><em>ἔσεσθαι·</em></strong></span> <span class='ocrx_word' id='word_1_196' title='bbox 684 1977 741 2032; x_wconf 76' lang='grc' dir='ltr'><strong><em>ἑῷ</em></strong></span> <span class='ocrx_word' id='word_1_197' title='bbox 761 1972 803 2018; x_wconf 85' lang='grc' dir='ltr'><strong><em>δ’</em></strong></span> <span class='ocrx_word' id='word_1_198' title='bbox 825 1976 1032 2020; x_wconf 86' lang='grc' dir='ltr'><strong><em>ἐπένευσε</em></strong></span> <span class='ocrx_word' id='word_1_199' title='bbox 1051 1974 1216 2032; x_wconf 86' lang='grc' dir='ltr'><strong><em>κάρητι.</em></strong></span> 
     </span>
     <span class='ocr_line' id='line_1_29' title="bbox 108 2042 1202 2101; baseline 0.001 -14"><span class='ocrx_word' id='word_1_200' title='bbox 108 2049 191 2088; x_wconf 73' lang='grc' dir='ltr'><strong><em>ἀλλ’</em></strong></span> <span class='ocrx_word' id='word_1_201' title='bbox 212 2054 289 2099; x_wconf 76' lang='grc' dir='ltr'><strong><em>ἴθι,</em></strong></span> <span class='ocrx_word' id='word_1_202' title='bbox 315 2054 444 2094; x_wconf 76' lang='grc' dir='ltr'><strong><em>τέκνον</em></strong></span> <span class='ocrx_word' id='word_1_203' title='bbox 463 2042 590 2101; x_wconf 83' lang='grc' dir='ltr'><strong><em>ἐμὸν,</em></strong></span> <span class='ocrx_word' id='word_1_204' title='bbox 618 2043 691 2087; x_wconf 89' lang='grc' dir='ltr'><strong><em>καὶ</em></strong></span> <span class='ocrx_word' id='word_1_205' title='bbox 710 2047 863 2087; x_wconf 88' lang='grc' dir='ltr'><strong><em>πείθεο</em></strong></span> <span class='ocrx_word' id='word_1_206' title='bbox 875 2077 885 2097; x_wconf 93' lang='grc'><strong><em>,</em></strong></span> <span class='ocrx_word' id='word_1_207' title='bbox 915 2045 1030 2100; x_wconf 90' lang='grc' dir='ltr'><strong><em>μηδέ</em></strong></span> <span class='ocrx_word' id='word_1_208' title='bbox 1043 2062 1084 2087; x_wconf 89' lang='grc' dir='ltr'><strong><em>τι</em></strong></span> <span class='ocrx_word' id='word_1_209' title='bbox 1103 2048 1202 2100; x_wconf 87' lang='grc' dir='ltr'><strong><em>λίην</em></strong></span> 
     </span>
     <span class='ocr_line' id='line_1_30' title="bbox 108 2112 968 2168; baseline 0 -14"><span class='ocrx_word' id='word_1_210' title='bbox 108 2116 240 2165; x_wconf 69' lang='grc' dir='ltr'><strong><em>ἄζηχὲς</em></strong></span> <span class='ocrx_word' id='word_1_211' title='bbox 260 2113 446 2165; x_wconf 85' lang='grc' dir='ltr'><strong><em>μενέαινε</em></strong></span> <span class='ocrx_word' id='word_1_212' title='bbox 465 2112 720 2168; x_wconf 82' lang='grc' dir='ltr'><strong><em>κελαινεφέι·</em></strong></span> <span class='ocrx_word' id='word_1_213' title='bbox 734 2115 968 2166; x_wconf 86' lang='grc' dir='ltr'><strong><em>Κρονίωνι.</em></strong></span> 
     </span>
     <span class='ocr_line' id='line_1_31' title="bbox 107 2175 1124 2236; baseline 0 -14"><span class='ocrx_word' id='word_1_214' title='bbox 107 2184 204 2231; x_wconf 82' lang='grc' dir='ltr'><strong><em>αἶψα</em></strong></span> <span class='ocrx_word' id='word_1_215' title='bbox 224 2186 263 2222; x_wconf 72' lang='grc' dir='ltr'><strong><em>δὲ</em></strong></span> <span class='ocrx_word' id='word_1_216' title='bbox 282 2178 445 2235; x_wconf 82' lang='grc' dir='ltr'><strong><em>καρπὸν</em></strong></span> <span class='ocrx_word' id='word_1_217' title='bbox 463 2178 561 2233; x_wconf 73' lang='grc' dir='ltr'><strong><em>ἄεξε</em></strong></span> <span class='ocrx_word' id='word_1_218' title='bbox 580 2181 818 2235; x_wconf 87' lang='grc' dir='ltr'><strong><em>φερέσβιον</em></strong></span> <span class='ocrx_word' id='word_1_219' title='bbox 836 2175 1124 2236; x_wconf 71' lang='grc' dir='ltr'><strong><em>ἀνθρώποισι.</em></strong></span> 
     </span>
    </p>

    <p class='ocr_par' dir='ltr' id='par_1_4' title="bbox 111 2244 1440 2372">
     <span class='ocr_line' id='line_1_32' title="bbox 187 2244 1440 2304; baseline -0.002 -12"><span class='ocrx_word' id='word_1_220' title='bbox 187 2251 256 2298; x_wconf 73' lang='grc' dir='ltr'><strong><em>Ὣς</em></strong></span> <span class='ocrx_word' id='word_1_221' title='bbox 276 2254 395 2300; x_wconf 77' lang='grc' dir='ltr'><strong><em>ἔφατ’.</em></strong></span> <span class='ocrx_word' id='word_1_222' title='bbox 435 2245 526 2293; x_wconf 75' lang='grc' dir='ltr'><strong><em>οὐδ’</em></strong></span> <span class='ocrx_word' id='word_1_223' title='bbox 548 2244 768 2304; x_wconf 84' lang='grc' dir='ltr'><strong><em>ἀπίθησεν</em></strong></span> <span class='ocrx_word' id='word_1_224' title='bbox 787 2248 1053 2304; x_wconf 76' lang='grc' dir='ltr'><strong><em>ἐϋστέφανος</em></strong></span> <span class='ocrx_word' id='word_1_225' title='bbox 1072 2246 1301 2304; x_wconf 87' lang='grc' dir='ltr'><strong><em>Δημήτηρ·</em></strong></span> <span class='ocrx_word' id='word_1_226' title='bbox 1371 2255 1440 2290; x_wconf 76' lang='lat'><strong><em>470</em></strong></span> 
     </span>
     <span class='ocr_line' id='line_1_33' title="bbox 111 2312 1171 2372; baseline 0.001 -15"><span class='ocrx_word' id='word_1_227' title='bbox 111 2313 220 2366; x_wconf 79' lang='grc' dir='ltr'><strong><em>αἶψα</em></strong></span> <span class='ocrx_word' id='word_1_228' title='bbox 241 2314 288 2358; x_wconf 70' lang='grc' dir='ltr'><strong><em>δὲ</em></strong></span> <span class='ocrx_word' id='word_1_229' title='bbox 308 2313 478 2371; x_wconf 86' lang='grc' dir='ltr'><strong><em>καρπὸν</em></strong></span> <span class='ocrx_word' id='word_1_230' title='bbox 495 2312 658 2372; x_wconf 84' lang='grc' dir='ltr'><strong><em>ἀνῆκεν</em></strong></span> <span class='ocrx_word' id='word_1_231' title='bbox 677 2313 909 2372; x_wconf 87' lang='grc' dir='ltr'><strong><em>ἀρουράων</em></strong></span> <span class='ocrx_word' id='word_1_232' title='bbox 934 2313 1171 2371; x_wconf 75' lang='grc' dir='ltr'><strong><em>ἐριβώλων.</em></strong></span> 
     </span>
    </p>
   </div>
  </div>
 </body>
</html>
