1619 2556
243 119 319 159 100
649 130 1151 165 ΒΑΤΡΑΧΟΜΤΟΜΑΧΙΑ.

237 236 310 278 καὶ
328 234 485 291 βάλεν,
513 232 610 279 οὐδ’
631 232 859 292 ἀφάμαρτε
873 270 883 288 ‚
913 233 1020 280 καθ’
1041 234 1223 293 ἥπατος·
1253 235 1310 290 ὥς
1331 237 1373 284 δ’
1395 240 1546 298 ἐνόησε

240 304 526 359 Κοστοφάγον
545 302 788 359 φεύγοντα,
815 308 1018 360 βαθείαις
1039 309 1224 360 ἔμπεσεν
1243 303 1415 363 ὄχθαις·
1471 312 1567 364 [220]

237 368 336 414 ἀλλ’
356 368 454 415 οὐδ’
476 368 533 422 ὡς
552 369 740 428 ἀπέληγε
760 371 917 428 μάχης,
944 369 1044 416 ἀλλ’
1065 371 1225 429 ἤλασεν
1242 372 1397 419 αὐτόν·

237 437 430 483 κάππεσε
447 442 473 482 δ
480 436 505 491 ’,
520 437 619 483 οὐδ’
638 437 876 484 άνένευσεν
887 453 896 461 ·
912 439 1120 496 ἐβάπτετο
1136 438 1180 485 δ’
1195 445 1343 499 αἵματι
1356 448 1485 501 λίμνη
1501 456 1569 489 220

236 508 496 565 πορφυρέῳ,
526 505 655 567 αὐτὸς
676 508 722 552 δὲ
742 506 847 563 παρ’
869 505 984 565 ἠιόν’
1005 508 1274 567 ἐξετανύσθη

237 578 447 632 χορδῇσιν
467 579 679 633 λιπαρῇσί
694 594 739 619 τε
759 576 1015 632 πειρόμενος
1035 576 1306 633 λαγόνεσσιν.

242 643 504 699 Τυροφάγον
524 641 567 687 δ’
588 641 774 700 αὐτῇσιν
794 642 864 688 ἐπ’
886 642 1040 700 ὄχθαις
1061 644 1304 700 ἐξενάριξεν
1468 650 1567 701 [225]

236 718 254 740 Ψ
319 717 339 740 *
404 717 423 740 *
488 718 507 740 *
572 717 591 740 *
654 718 674 741 *
738 718 757 741 *
823 717 842 740 *
906 718 926 741 ᾗ
981 718 999 740 *
1056 720 1073 740 *
1131 720 1148 740 *
1206 720 1224 741 *
1279 720 1298 742 *

235 779 580 836 Πτερνογλύφον
603 777 645 823 δ’
668 778 833 824 ἐπιδὼν
852 784 1155 836 Καλαμίνθιος
1175 783 1217 832 ἐς
1236 781 1378 839 φόβον
1397 778 1550 841 ἦλθεν,

234 845 365 904 ἥλατο
387 845 431 892 δ’
452 849 494 898 ἐς
513 853 672 905 λίμνην
691 847 893 904 φεύγων.
923 847 1002 904 τὴν
1021 845 1184 893 άσπίδα
1205 851 1346 905 ῥίψας.
1500 863 1568 897 225

236 920 475 971 Φιλτραῑον
497 914 538 960 δ’
560 914 630 971 ἄρ’
653 922 845 972 ἔπεφνεν
864 914 1050 972 άμύμων
1066 914 1410 975 Ἐμβασίχυτρος.

235 981 500 1040 [Ὑδρόχαρις
522 987 573 1028 δέ
588 982 630 1028 τ’
657 989 849 1040 ἔπεφνεν
868 985 1186 1040 Πτερνοφάγον
1205 989 1423 1043 βασιλῆά]

234 1056 453 1111 χερμαδίῳ
474 1052 636 1109 πλήξας
655 1051 763 1096 κατὰ
783 1055 1046 1109 βρέγματος·
1077 1055 1314 1109 ἐγκέφαλος
1336 1055 1383 1099 δὲ
1469 1057 1566 1109 [230]

235 1123 280 1164 ἐκ
302 1122 440 1175 ῥινῶν
459 1124 629 1175 ἔσταξε,
660 1120 904 1165 παλάσσετο
925 1118 968 1164 δ’
990 1124 1138 1177 αἵματι
1159 1132 1272 1177 γαῖα.

235 1195 252 1216 *
274 1193 573 1245 Λειχοπίνακα
594 1192 620 1234 δ
627 1187 636 1201 ’
658 1194 851 1245 ἔπεφνεν
870 1186 1056 1246 άμύμων
1074 1194 1434 1246 Βορβοροκοίτης,
1499 1200 1566 1235 230

234 1261 347 1312 ἔγχει
368 1260 564 1311 ἐπαίξας·
594 1255 671 1300 τὸν
692 1257 737 1301 δὲ
758 1257 909 1308 σκότος
928 1255 1029 1301 ὄσσε
1049 1256 1256 1308 κάλυψεν.

234 1329 484 1380 Πρασσαῑος
505 1323 547 1369 δ’
570 1324 734 1369 ἐπιδών
755 1324 887 1376 ποδὸς
907 1328 1081 1369 εἵλκυσε
1100 1324 1260 1379 νεκρὸν
1280 1324 1420 1379 ἐόντα,

233 1395 280 1436 ἐν
300 1398 430 1450 λίμνῃ
453 1391 495 1438 δ’
517 1392 725 1447 ἀπέπνιξε
745 1393 960 1450 κρατήσας
981 1394 1093 1450 χειρὶ
1113 1395 1306 1437 τένοντα.
1468 1393 1564 1447 [235]

239 1461 467 1517 Ψιχάρπαξ
489 1459 532 1505 δ’
554 1459 687 1519 ἤμυν’
710 1461 876 1517 ἑτάρων
900 1463 999 1515 περὶ
1017 1460 1294 1506 τεθνειωτων

232 1530 303 1573 καὶ
321 1529 428 1586 βάλε
447 1535 706 1584 Πρασσαῖον
724 1529 850 1587 μήπω
872 1535 996 1586 γαίης
1016 1529 1248 1586 ἐπιβάντα’
1497 1541 1564 1576 235

231 1607 361 1642 πῖπτε
382 1598 429 1642 δὲ
449 1602 494 1643 οἱ
509 1598 728 1654 πρόσθεν,
758 1596 874 1655 ψυχὴ
896 1594 938 1641 δ’
957 1594 1152 1641 Ἄιδόσδε
1171 1597 1362 1654 βεβήκει.

231 1667 551 1723 Κραμβοβάτης
576 1664 617 1710 δ’
639 1664 800 1711 ἐσιδών
820 1668 962 1722 πηλοῦ
983 1665 1122 1720 δράκα
1143 1667 1274 1721 ρίψεν
1294 1663 1368 1709 ἐπ’
1389 1663 1538 1720 αὐτὸν,

231 1734 302 1777 καὶ
321 1732 369 1777 τὸ
390 1737 591 1791 μέτωπον
611 1740 753 1789 ἔχρισε
772 1736 844 1778 καὶ
865 1733 1104 1790 έξετύφλου
1124 1731 1241 1789 παρὰ
1260 1732 1428 1790 μικρόν.
1464 1737 1562 1788 [240]

231 1799 429 1859 ὠργίσθη
450 1801 494 1847 δ’
515 1801 585 1859 ἄρ’
608 1806 792 1854 ἐκεῖνος,
823 1800 934 1847 ἑλῶν
954 1803 1005 1846 δέ
1019 1820 1065 1845 τε
1085 1802 1195 1858 χειρὶ
1214 1807 1370 1858 παχείῃ

231 1875 433 1926 κείμενον
452 1874 500 1916 ἐν
519 1875 657 1930 πεδίῳ
679 1875 808 1915 λίθον
833 1868 1071 1926 ὄμβριμον,
1102 1867 1239 1926 ἄχθος
1257 1867 1458 1926 ἀρούρης,
1495 1879 1562 1913 240

230 1941 290 1997 τῷ
309 1938 414 1994 βάλε
434 1938 761 1997 Κραμβοβάτην
779 1936 864 1982 ὑπὸ
885 1937 1098 1993 γούνατα·
1127 1940 1245 1981 πᾱσα
1266 1935 1306 1981 δ’
1329 1936 1522 1993 ἐκλάσθη

230 2005 371 2063 κνήμη
393 2007 607 2064 δεξιτερὴ,
638 2006 741 2052 πέσε
763 2004 804 2050 δ’
826 2005 978 2057 ὕπτιος
999 2008 1046 2050 ἐν
1067 2010 1278 2062 κονίῃσιν.

231 2078 541 2133 Κραυγασίδης
565 2074 610 2120 δ’
627 2074 765 2132 ἤμυνε
785 2075 856 2118 καὶ
876 2068 1009 2124 αὖθις
1029 2079 1185 2130 βαῖνεν
1204 2070 1274 2117 ἐπ’
1291 2070 1439 2116 αὐτὸν.
1460 2075 1559 2126 [245]

228 2141 337 2195 τύψε
360 2143 409 2188 δέ
426 2162 502 2199 μιν
520 2143 685 2201 μέσσην
704 2142 812 2187 κατὰ
832 2142 1019 2200 γαστέρα
1032 2155 1041 2164 ·
1069 2145 1152 2192 πᾶς
1173 2140 1221 2185 δέ
1240 2144 1284 2185 oc
1305 2147 1407 2185 εἴσω

229 2207 478 2266 ὀξύσχοινος
499 2215 627 2257 ἔδυνε
641 2247 650 2263 ,
681 2212 811 2268 χαμαὶ
833 2208 875 2254 δ’
897 2215 1078 2266 ἔκχυντο
1099 2207 1271 2253 ἅπαντα
1491 2217 1560 2252 245

228 2275 377 2335 ἔγκατ’
398 2280 677 2338 ἐφελκομὲνῳ
702 2277 782 2324 ὑπὸ
809 2277 986 2333 δούρατι
1006 2278 1116 2334 χειρὶ
1135 2282 1310 2334 παχείῃ·

234 2347 548 2403 Τρωγλοδύτης
569 2346 612 2392 δ’
634 2346 692 2399 ὦς’
711 2347 829 2392 εἶδεν
849 2343 920 2391 ἐπ’
940 2344 1128 2402 ὄχθῃσιν
1147 2354 1371 2402 ποταμοῖο,
