1619 2556
442 110 539 143 ΧΠ.
563 108 783 142 ΚΑΜῙΝΟΣ
807 109 843 140 Η
864 107 1125 141 ΚΕΡΑΜΕΙΣ.
1397 94 1448 135 89

726 241 848 283 XIV.

499 332 720 366 ΚΑΜῙΝΟΣ
747 333 783 365 Η
808 331 1068 365 ΚΕΡΑΜΕΙΣ.

220 433 278 474 Εἰ
294 428 375 486 μὲν
395 427 555 472 δώσετε
574 426 737 483 μισθόν
750 461 760 481 ,
780 424 934 479 ἀείσω,
966 419 999 468 ὦ
1018 428 1249 482 κεραμῆες*

123 495 246 553 δεῦρ’
266 493 340 552 ἥγ’
358 493 591 552 Ἀθηναίη,
617 495 690 538 καὶ
708 492 911 549 ὑπείρεχε
931 504 1053 549 χεῖρα
1073 498 1274 549 καμίνου,

123 558 173 608 εὖ
195 564 242 609 δὲ
261 571 531 619 περανθεῖεν
551 560 726 606 κότυλοι
747 563 821 606 καὶ
840 560 982 604 πάντα
1003 560 1238 616 κάναστρα,

57 640 60 643 ’
122 634 382 688 φρυχθῆναί
398 649 444 674 τε
464 633 605 680 καλῶς
624 631 698 674 καὶ
715 633 839 686 τιμῆς
860 630 975 672 ωνον
994 626 1196 683 ἀρέσθαι,

123 698 260 744 πολλὰ
279 700 360 756 μὲν
380 704 446 743 εἰν
464 697 604 755 ἀγορῇ
625 696 906 753 πωλεύμενοι,
937 695 1074 739 πολλὰ
1095 694 1138 739 δ’
1159 694 1345 752 άγυιαϊς,
1435 708 1453 740 5
1509 736 1513 740 .

124 771 145 793 *
164 766 303 811 πολλὰ
324 767 370 811 δὲ
389 769 621 822 κερδῆναι,
650 763 754 822 ἡμῖν
775 765 822 809 δὲ
843 764 916 821 δή,
949 762 1006 815 ὥς
1027 777 1134 820 σφιν
1153 761 1307 808 άεῖσαι.

125 832 180 892 ἢν
200 832 242 879 δ’
264 832 335 878 ἐπ’
356 832 585 890 ἀναιδείην
604 835 871 890 τρεφθέντες
893 829 1048 880 ψεύδε’
1069 830 1252 887 ἄρησθε,

124 904 351 958 συγκαλέω
372 901 425 958 δὴ
445 907 592 946 ἔπειτα
612 906 781 959 καμίνῳ
803 903 1059 956 δηλητῆρας,

126 967 340 1026 Σύντριβ’
363 967 477 1026 ὅμως
490 967 729 1025 Σμάραγόν
748 986 793 1011 τε
812 969 885 1012 καὶ
903 966 1112 1023 ’Ἀσβετον
1132 964 1207 1023 ἠδὲ
1217 966 1457 1023 Σαβάκτην
1496 1017 1499 1019 ,

123 1035 369 1094 Ὠμόδαμόν
386 1035 456 1089 θ’,
486 1035 532 1087 ὃς
551 1039 655 1093 τῇδε
675 1038 803 1092 τέχνῃ
823 1035 935 1079 κακὰ
955 1034 1092 1079 πολλὰ
1112 1039 1287 1090 πορίζει.
1416 1046 1457 1078 10

125 1107 265 1160 πέρθε
284 1111 593 1160 πυραίθουσαν
611 1105 683 1148 καὶ
705 1103 881 1161 δώματα
894 1138 904 1158 ,
933 1102 1017 1147 σὺν
1037 1102 1084 1146 δὲ
1103 1101 1283 1159 κάμινος

126 1176 243 1218 πᾶσα
261 1178 499 1229 κυκηθείη,
529 1173 755 1228 κεραμέων
774 1172 884 1228 μέγα
904 1169 1212 1214 κωκυσάντων.

128 1238 185 1292 ὡς
203 1240 371 1297 γνάθος
391 1243 540 1296 ι’ππείη
560 1239 715 1296 βρύκει
729 1275 738 1293 ,
768 1238 924 1295 βρύκοι
946 1238 993 1282 δὲ
1011 1237 1204 1294 κάμινος,

128 1306 258 1353 πάντ’
279 1306 456 1353 ἔντοσθ’
478 1305 610 1363 αὐτῆς
630 1306 843 1363 κεραμήια
867 1304 1001 1350 λεπτὰ
1021 1308 1218 1349 ποιοῦσα.

130 1379 260 1431 δεῦρο
280 1376 353 1419 καὶ
374 1373 544 1419 Ἠελίου
563 1374 789 1431 θυγάτηρ,
817 1373 1132 1430 πολυφάρμακε
1154 1377 1311 1458 Κίρκη,
1419 1385 1458 1417 15

128 1462 258 1500 αγρια
278 1443 487 1500 φάρμακα
505 1442 659 1499 βάλλε
688 1441 826 1486 κάκου
847 1439 891 1486 δ’
915 1439 1074 1492 αὐτούς
1099 1458 1144 1484 τε
1165 1459 1238 1484 και
1257 1446 1374 1513 ἔργα.

131 1514 261 1567 δεῦρο
283 1511 329 1555 δε
351 1513 424 1555 καὶ
441 1516 615 1567 Χείρων
636 1528 775 1566 αγετω
795 1509 954 1560 πολεας
978 1508 1259 1564 κενταύρους,

128 1583 174 1624 οἵ
188 1577 240 1623 θ’
256 1577 493 1636 “Ηρακλῆος
512 1589 658 1635 χεῖρας
678 1577 922 1634 φύγον,οἵ
937 1574 978 1621 τ’
999 1574 1236 1620 ἀπόλοντο·

129 1646 334 1691 τύπτοιεν
352 1646 455 1691 τάδε
475 1652 579 1703 ἔργα
599 1653 763 1701 κακῶς,
792 1652 940 1690 πίπτοι
961 1644 1008 1689 δὲ
1027 1643 1220 1700 κάμινος,

130 1712 254 1758 αὐτοὶ
274 1712 316 1758 δ’
338 1713 591 1772 οἰμώζοντες
611 1712 777 1772 ὁρῴατο
798 1718 902 1769 ἔργα
922 1711 1112 1769 πονηρά·
1420 1722 1462 1753 20

129 1781 312 1839 γηθήσω
334 1780 376 1825 δ’
397 1780 538 1839 ὁρόων
559 1780 706 1826 αὐτῶν
724 1785 1022 1837 κακοδαίμονα
1040 1779 1209 1835 τέχνην.

131 1848 177 1901 ὃς
198 1849 246 1894 δέ
265 1848 308 1905 χ’
327 1846 584 1907 ὑπερκύψῃ,
615 1850 723 1906 πυρὶ
741 1848 898 1894 τούτου
918 1851 1007 1892 πᾶν
1024 1846 1072 1891 τό
1092 1846 1328 1902 πρόσωπον

132 1922 367 1974 φλεχθείη,
398 1916 454 1969 ὡς
474 1918 632 1968 πάντες
655 1914 895 1961 ἐπίσταιντ’
916 1923 1067 1972 αἴσιμα
1093 1914 1244 1970 ῥέζειν.
