1619 2556
153 93 204 131 60
583 101 624 132 V.
660 99 741 131 ΕΙΣ
768 100 1045 132 ΔΗΜΗΤΡΑΝ.

151 203 288 262 α’γχοῦ
309 203 352 249 δ’
375 206 600 262 ἱστάμενος
622 205 819 259 προσέφη
843 201 1003 259 κρατὺς
1021 200 1345 261 Ἀργειφόντης·

244 272 369 329 ’Ἅιδη
389 283 678 330 κυανοχαῖτα,
707 272 1104 327 καταφθιμένοισιν
1124 269 1343 323 άνάσσων,

150 341 260 393 Ζεύς
277 360 330 399 με
351 341 491 399 πατὴρ
512 340 684 398 ἤνωγεν
703 337 875 396 ἀγαυὴν
895 339 1229 395 Περσεφόνειαν

150 413 378 466 ἐξαγαγεῖν
395 408 651 467 Ἐρέβευσφι
671 406 776 465 μετὰ
796 409 954 463 σφέας,
983 406 1100 463 ὄφρα
1121 410 1142 453 ἑ
1159 408 1297 466 μήτηρ

150 477 448 535 ὀφθαλμοῖσιν
468 481 625 523 ἰδοῦσα
645 475 777 533 χόλου
796 476 869 520 καὶ
889 474 1040 532 μήνιος
1060 479 1184 533 αἰνῆς
1420 492 1487 527 350

155 547 394 601 ἀθανάτοις
414 548 642 594 παύσειεν·
675 549 768 591 ἐπεὶ
786 548 895 603 μέγα
914 547 1094 604 μήδεται
1115 552 1256 604 ἔργον,

155 624 315 673 φθῖσαι
335 616 441 673 φῦλ’
463 615 658 675 ἀμενηνὰ
677 616 975 672 χαμαιγενέων
995 613 1261 671 ἀνθρώπων,

154 684 313 743 σπέρμ’
335 683 420 730 ὑπὸ
440 689 518 743 γῆς
538 684 815 740 κρύπτουσα,
845 684 1248 740 καταφθινύθουσα
1271 685 1317 730 δὲ
1337 685 1459 744 τιμὰς

153 752 410 798 ἀθανάτων·
442 752 466 810 ἡ
493 751 535 797 δ’
557 752 683 797 αἰνὸν
702 757 789 808 ε”χει
807 750 958 807 χόλον,
986 749 1089 796 οὐδὲ
1108 759 1254 798 θεοῖσι

152 827 371 879 μίσγεται.
401 819 499 866 ἀλλ’
521 819 749 865 ἀπάνευθε
768 818 968 870 θυώδεος
989 823 1140 864 ἔνδοθι
1160 825 1270 878 νηοῦ
1418 834 1486 868 355

156 884 301 947 ἧσται,
331 888 574 941 Ἐλευσῖνος
594 887 790 945 κραναὸν
809 893 1073 942 πτολίεθρον
1093 893 1261 945 ἔχουσα.

242 957 320 1009 ’Ὡς
339 958 470 1015 φάτο·
500 961 708 1015 μείδησεν
730 956 776 1000 δὲ
795 954 903 1010 ἅναξ
924 958 1086 1012 ἐνέρων
1110 955 1341 1010 Ἀϊδωνεὺς

151 1025 362 1083 ὀφρύσιν,
391 1024 491 1070 οὐδ’
512 1024 704 1082 ἀπίθησε
727 1023 833 1075 Διὸς
853 1027 1058 1081 βασιλῆος
1077 1027 1274 1084 ἐφετμῇς.

152 1097 399 1152 ἐσσυμένως
419 1092 463 1138 δ’
482 1096 680 1139 ἐκέλευσε
705 1097 912 1149 δαΐφρονι
932 1098 1259 1151 Περσεφονείῃ·

240 1162 414 1220 ’Ἑρχεω
444 1161 708 1219 Περσεφόνη
721 1197 729 1205 .
762 1159 878 1217 παρὰ
898 1163 1060 1218 μητέρα
1079 1162 1401 1219 κυανόπεπλον,
1415 1173 1484 1209 360

153 1230 280 1288 ἤπιον
300 1234 347 1276 ἐν
366 1230 576 1288 στήθεσσι
595 1231 722 1287 μένος
742 1230 815 1273 καὶ
832 1227 980 1286 θυμὸν
1001 1235 1171 1286 ἔχουσα,

149 1302 262 1357 μηδέ
277 1320 316 1344 τι
339 1298 613 1355 δυσθύμαινε
634 1304 732 1355 λίην
751 1296 985 1353 περιώσιον
1005 1297 1161 1344 ἄλλων.

148 1366 201 1412 οὔ
219 1386 284 1412 τοι
305 1371 353 1413 έν
371 1366 662 1412 ἀθανάτοισιν
682 1364 827 1422 ἀεικὴς
852 1364 1000 1423 ἔσσομ’
1022 1364 1209 1424 ἀκοίτης,

147 1433 516 1493 αὐτοκασίγνητος
541 1434 703 1491 πατρὸς
723 1433 852 1485 Διός·
882 1439 994 1479 ἔνθα
1016 1431 1059 1478 δ’
1081 1437 1212 1480 ἐοῦσα

149 1504 403 1555 δεσπόσσεις
421 1503 621 1549 πάντων.
646 1501 784 1547 ὁπόσα
803 1502 898 1556 ζώει
918 1520 964 1546 τε
983 1505 1054 1546 καὶ
1074 1506 1208 1559 ἕρπει,
1412 1513 1480 1549 365

145 1571 270 1629 τιμὰς
292 1572 339 1617 δὲ
359 1572 599 1629 σχήσεισθα
619 1569 714 1629 μετ’
737 1568 997 1614 ἀθανάτοισι
1017 1576 1231 1627 μεγίστας.

146 1643 233 1685 τῶν
254 1638 297 1685 δ’
318 1639 621 1697 ἀδικησάντων
640 1645 749 1690 τίσις
770 1643 938 1683 ἔσσεται
959 1636 1099 1696 ἤματα
1119 1639 1273 1694 πάντα,

145 1712 189 1753 οἵ
208 1727 285 1753 κεν
303 1707 362 1765 μὴ
381 1713 582 1753 θυσίαισι
601 1706 702 1753 τεόν
720 1709 848 1764 μένος
869 1706 1144 1755 ἱλάσκωνται,

146 1774 335 1833 εὐαγέως
355 1779 577 1831 ἔρδοντες,
607 1778 806 1832 ἐναίσιμα
829 1777 946 1830 δῶρα
966 1778 1205 1826 τελοῦντες.

237 1842 314 1895 ἿΩς
334 1844 464 1900 φάτο·
492 1843 688 1901 γήθησεν
708 1844 754 1888 δὲ
775 1848 1003 1899 περίφρων
1022 1843 1340 1900 Περσεφόνεια,
1406 1853 1475 1889 370

144 1918 425 1969 καρπαλίμως
447 1910 490 1957 δ’
511 1909 717 1968 άνόρουσ’
734 1909 819 1955 ὑπὸ
832 1911 1067 1968 χάρματος·
1087 1909 1224 1967 αὐτὰρ
1243 1909 1474 1969 4ὀ’γ’””Αιδης

145 1983 263 2037 ῥοιῆς
284 1980 444 2025 κόκκον
464 1984 599 2025 ἔδωκε
624 1991 785 2036 φαγεῖν
805 1981 1032 2035 μελιηδέα,
1060 1979 1203 2036 λάθρη

143 2046 258 2104 άμφί
274 2050 295 2092 ἑ
310 2046 513 2104 νωμήσας
527 2083 536 2099 ,
564 2052 639 2092 ἵνα
658 2047 715 2105 μὴ
735 2049 856 2104 μένοι
878 2046 1018 2104 ἤματα
1037 2046 1177 2091 πάντα

143 2110 251 2160 αὖθι
272 2114 376 2170 παρ’
397 2120 542 2174 αἰδοίῃ
562 2116 785 2173 Δημήτερι
805 2117 1106 2174 κυανοπέπλῳ.

142 2188 303 2235 ἵππους
325 2184 370 2228 δὲ
391 2184 693 2240 προπάροιθεν
713 2182 797 2228 ὑπὸ
818 2185 1066 2240 χρυσέοισιν
1085 2180 1267 2240 ὄχεσφιν
1402 2193 1470 2229 375

142 2250 565 2303 ἔντυεν-άθανάτους
585 2251 929 2308 πολυσημάντωρ
947 2249 1188 2301 Ἀϊδωνεύς.

144 2317 166 2376 ἡ
187 2318 231 2364 δ’
252 2317 389 2377 ὀχέων
409 2321 562 2377 ἐπέβη,
591 2318 707 2376 παρὰ
729 2320 774 2364 δὲ
795 2319 955 2375 κρατὺς
972 2317 1276 2376 Ἀργειφόντης
