1619 2556
188 126 238 163 18
499 127 544 157 11.
580 126 658 157 ΕΙΣ
684 124 954 157 ΑΠΟΛΛΩΝΑ
979 124 1180 157 ΠΤΘΙΟΝ.

177 232 303 284 ἐκβητ
317 230 339 273 ’,
367 227 468 272 οὐδὲ
489 227 597 272 καθ’
619 228 729 272 ὅπλα
751 235 955 286 μελαίνης
975 228 1075 285 νηὸς
1096 234 1274 278 ε”θεσθε;

175 295 283 352 αὕτη
303 299 382 352 μέν
401 314 449 352 γε
475 300 574 352 δίκη
594 298 714 341 πέλει
732 295 908 352 ἀνδρῶν
927 293 1203 352 ἀλφηστάων,
1426 307 1493 342 280

175 363 370 408 ὁππόταν
390 367 436 408 ἐκ
456 364 630 407 πόντοιο
649 365 746 407 ποτὶ
765 366 893 421 χθονὶ
912 368 988 419 νηῒ
1005 370 1185 421 μελαίνῃ

175 436 363 476 ἔλθωσιν
383 431 558 490 καμάτῳ
583 430 838 488 ἀδόηκότες,
870 428 1024 476 αὐτίκα
1047 433 1097 475 δέ
1113 447 1248 488 σφεας
1396 433 1492 484 [460]

175 506 308 544 σίτοιο
326 506 554 556 γλυκεροῖο
574 501 672 561 περὶ
692 502 854 554 φρένας
871 504 1017 556 ἵμερος
1035 502 1159 553 αἱρεῖ.

265 565 342 618 ‘2529
362 567 472 623 φάτο
493 572 568 611 καί
584 582 690 623 σφιν
711 566 874 623 θάρσος
894 568 959 611 ἐνὶ
978 567 1214 623 στήθεσσιν
1233 570 1363 621 ἔθηκε

176 634 251 679 τὸν
271 637 342 679 καὶ
361 633 646 691 ἀμειβόμενος
665 639 852 691 Κρητῶν
872 633 974 691 ἀγὸς
992 632 1143 678 ἀντίον
1165 632 1296 691 ηὔδα·
1427 642 1492 677 285

274 700 410 756 Ξεῖν’,
440 703 532 746 ἐπεὶ
553 700 606 746 οὐ
625 702 704 759 μὲν
724 702 806 758 γάρ
826 721 865 746 τι
883 709 1223 758 καταθνητοῖσιν
1242 706 1396 753 ἔοικας,

174 767 226 814 οὐ
249 772 378 827 δέμας
398 767 501 814 οὐδὲ
521 769 640 826 φυὴν
654 805 664 825 ,
693 768 789 813 ἀλλ’
815 768 1074 814 ἀθανάτοισι
1091 777 1276 821 θεοῖσιν,
1396 771 1494 822 [465]

447 838 464 855 ιο
739 836 757 856 *
1029 835 1050 857 *ι

175 899 279 949 οὖλέ
294 923 339 948 τε
361 906 432 948 καὶ
450 906 558 960 μέγα
578 915 721 960 χαῖρε,
751 907 848 949 θεοὶ
870 907 921 949 δέ
938 923 1002 949 τοι
1021 903 1146 961 ὄλβια
1169 909 1298 949 δοῖεν.

175 977 250 1017 καί
265 990 336 1028 μοι
358 969 474 1016 τοῦτ’
497 970 738 1028 ἀγόρευσον
757 972 989 1029 ἐτήτυμον,
1020 970 1124 1028 ὄφρ’
1149 966 1198 1016 εὖ
1223 974 1343 1016 εἰδῶ·

177 1046 237 1091 τίς
260 1043 413 1096 δῆμοςς
444 1044 507 1090 τίς
525 1049 650 1095 γαῖα;
678 1045 791 1091 τίνες
811 1041 958 1097 βροτοὶ
979 1039 1257 1097 ἐγγεγάασινς
1429 1049 1495 1083 290

175 1106 283 1163 ἄλλῃ
303 1106 384 1162 γὰρ
406 1109 665 1164 φρονέοντες
685 1110 949 1164 ἐπεπλέομεν
966 1110 1075 1164 μέγα
1094 1114 1263 1164 λαῖτμα,

176 1180 235 1226 εἰς
255 1174 408 1218 Πύλον
427 1177 472 1219 ἐκ
493 1174 686 1231 Κρήτης,
717 1180 850 1220 ἔνθεν
868 1178 992 1231 γένος
1013 1173 1216 1232 εὐχόμεθ’
1239 1174 1369 1219 εἶναι·
1394 1176 1492 1228 [470]

175 1246 259 1286 νῦν
280 1239 323 1285 δ’
346 1236 429 1286 ὦδε
450 1241 530 1295 ξὺν
549 1247 623 1299 νηῒ
640 1243 915 1300 κατήλθομεν
933 1241 1029 1287 οὔτι
1048 1242 1231 1298 ἑκόντες,

174 1310 347 1363 [νόστου
368 1312 548 1366 ἱέμενοι,
579 1308 715 1367 ἄλλην
734 1307 860 1365 ὁδὸν,
887 1308 995 1355 ἅλλα
1015 1313 1204 1355 κέλευθα
1218 1312 1244 1364 ·]

175 1376 282 1422 ἀλλά
299 1396 362 1428 τις
384 1375 622 1422 ἀθανάτων
643 1376 764 1433 δεῦρ’
787 1377 949 1434 ἤγαγεν
966 1375 1046 1422 οὐκ
1067 1379 1310 1428 ἐθέλοντας.
1430 1385 1494 1420 295

266 1444 374 1496 Τοὺς
398 1443 439 1488 δ’
461 1443 807 1502 ἀπαμειβόμενος
822 1449 1018 1502 προσέφη
1039 1445 1240 1502 ἑκάεργος
1256 1443 1494 1488 Ἀπόλλων·

175 1517 342 1567 Ξεῖνοι,
371 1514 435 1556 τοὶ
455 1511 668 1557 Κνωσσὸν
687 1515 1011 1568 πολυδένδρεον
1029 1511 1329 1570 ἀμφινέμεσθε
1397 1513 1494 1565 [475]

176 1580 221 1624 τὸ
241 1582 365 1635 πρὶν,
395 1578 502 1635 ἀτὰρ
523 1584 607 1624 νῦν
625 1578 705 1625 οὐκ
726 1579 794 1625 ἕθῖ
816 1579 1055 1636 ὑπότροποι
1073 1574 1205 1631 αὖθις
1226 1585 1377 1625 ἔσεσθε

175 1654 217 1699 ές
237 1667 281 1692 τε
301 1648 429 1691 πόλιν
449 1646 605 1704 ἐρατὴν
625 1650 696 1692 καὶ
717 1647 893 1705 δώματα
914 1647 1022 1692 καλὰ
1041 1651 1230 1701 ἕκαστος,

176 1721 217 1766 ἔς
236 1734 280 1759 τε
301 1721 430 1771 φίλας
449 1713 650 1771 ἀλόχους·
679 1713 776 1759 ἀλλ’
798 1715 959 1760 ἐνθάδε
979 1721 1108 1761 πίονα
1128 1715 1235 1772 νηὸν
1427 1724 1495 1758 300

177 1786 266 1836 ἕξετ
278 1781 288 1796 ’
309 1782 412 1839 ἐμὸν
431 1788 627 1827 πολλοῖσι
646 1785 857 1839 τετιμένοι
876 1781 1189 1839 ἀνθρώποισιν.

177 1852 261 1907 εἰμὶ
283 1849 326 1894 δ’
347 1849 429 1906 ἐγώ
449 1849 555 1900 Διὸς
574 1849 687 1903 υιός,
714 1849 935 1895 Ἀπόλλων
955 1849 997 1894 δ’
1020 1849 1198 1908 εὔχομαι
1218 1850 1350 1894 εἶναι·
1397 1850 1494 1902 [480]

177 1917 308 1976 ὑμέας
330 1916 373 1961 δ’
395 1916 559 1974 ἤγαγον
579 1916 736 1962 ἐνθάδ’
757 1915 866 1973 ὑπερ
887 1920 996 1975 μέγα
1016 1924 1171 1974 λαῖτμα
1189 1916 1426 1972 θαλάσσης,

175 1985 269 2030 οὔτι
288 1984 399 2030 κακὰ
419 1986 642 2041 φρονέων,
672 1983 769 2029 ἀλλ’
791 1985 951 2030 ἐνθάδε
972 1991 1100 2029 πίονα
1120 1985 1226 2042 νηὸν

176 2051 282 2107 ε”ξετ
304 2052 408 2110 ἐμὸν
427 2056 559 2097 πᾶσιν
577 2052 691 2109 μάλα
709 2058 851 2108 τίμιον
870 2051 1156 2108 ἀνθρώποισι,
1428 2061 1495 2095 305

177 2121 335 2178 βουλάς
355 2119 393 2164 τ’
416 2119 651 2165 ἀθανάτων
674 2119 888 2176 εἰδήσετε,
920 2123 1007 2163 τῶν
1027 2121 1162 2177 ἰότητι

177 2190 262 2234 αἰεὶ
280 2188 512 2245 τιμήσεσθε
534 2187 765 2244 διαμπερὲς
786 2185 924 2244 ἤματα
944 2187 1095 2231 πάντα.
1399 2188 1493 2237 [485]

178 2253 273 2300 ἀλλ’
294 2253 437 2311 ἄγεθ’.
467 2252 523 2305 ὡς
541 2251 597 2298 ἂν
617 2253 699 2310 ἐγώ
721 2261 846 2298 εἴπω.
878 2260 1090 2299 πείθεσθε
1110 2253 1305 2310 τάχιστα·

179 2327 289 2367 ι’στιά
308 2323 387 2377 μὲν
407 2325 580 2377 πρῶτον
599 2321 788 2365 κάθετον
806 2321 991 2365 λύσαντε
1010 2327 1169 2376 βοείας.
