1619 2556
588 93 655 124 III.
686 93 766 125 ΕΙΣ
788 93 967 124 ΕΡΜΗΝ.

129 199 199 241 καὶ
219 197 269 240 τὰ
288 197 367 253 μὲν
386 191 467 240 οὖν
486 194 624 253 ἤειδε,
654 195 704 240 τὰ
730 195 776 239 δὲ
795 198 952 251 φρεσὶν
970 194 1077 239 ἄλλα
1096 201 1287 252 μενοίνα.

129 266 199 308 καὶ
219 263 298 321 τὴν
316 264 397 320 μὲν
414 265 629 320 κατέθηκε
649 265 798 319 φέρων
818 267 922 322 ἱερῷ
941 265 1005 307 ε’νὶ
1025 268 1159 322 λίκνῳ

128 331 346 388 φόρμιγγα
365 331 614 387 γλαφυρήν·
639 328 660 374 ὁ
682 328 726 373 δ’
748 329 831 384 ἄρα
851 334 1010 386 κρειῶν
1029 333 1234 386 ἐρατίζων

129 393 230 443 ἆλτο
249 397 356 442 κατὰ
375 398 560 454 σκοπιὴν
581 396 766 448 εὐώδεος
786 401 832 441 ε’κ
852 398 1069 454 μεγάροιο,

126 463 346 524 ὁρμαίνων
369 464 497 509 δόλον
517 464 652 510 αἰπὺν
672 466 736 508 ε’νὶ
756 467 934 521 φρεσὶν,
964 463 1034 509 οἷά
1053 482 1097 508 τε
1118 467 1258 519 φῶτες

127 534 313 591 φηληταὶ
340 535 537 577 διέπουσι
555 538 759 589 μελαίνης
779 532 936 584 νυκτὸς
956 535 999 577 ἐν
1023 530 1124 588 ὥρῃ.

225 598 385 650 Ἠέλιος
403 601 483 656 μὲν
502 603 629 644 ἔδυνε
648 599 755 644 κατὰ
775 599 934 656 χθονὸς
950 598 1208 644 Ὠκεανόνδε

127 665 324 712 αὐτοῖσίν
341 665 393 711 θ’
414 671 584 712 ἵπποισι
605 669 675 712 καὶ
695 666 903 724 ἅρμασιν·
930 666 1066 723 αὐτὰρ
1086 665 1158 722 ἄρ’
1175 664 1327 722 Ἑρμῆς

127 741 306 791 Πιερίης
325 733 511 789 ἀφίκανε
529 737 650 779 θέων
669 733 772 790 ὄρεα
792 735 1003 779 σκιόεντα.

128 809 237 849 ἔνθα
262 805 382 846 θεῶν
401 801 608 859 μακάρων
630 802 727 860 βόες
747 800 954 858 ἄμβροτοι
974 796 1103 846 αὖλιν
1125 806 1315 858 ἔχεσκον,

126 869 382 926 βοσκόμεναι
404 873 615 927 λειμῶνας
635 868 896 926 ἀκηρασίους
909 905 919 925 ,
949 868 1207 926 ἐρατεινούς.

125 941 212 982 τῶν
231 935 324 981 τότε
343 937 545 988 Μαιάδος
567 937 680 992 υίὸς,
709 937 918 988 ἐύσκοπος
934 935 1252 993 Ἀργειφόντης,

125 1002 383 1062 πεντήκοντ’
403 1003 557 1061 ἀγέλης
576 1002 842 1061 ἀπετάμνετο
862 1008 966 1062 βοῦς
987 1003 1228 1060 ἐριμύκους.

127 1076 361 1123 πλανοδίας
381 1071 422 1115 δ’
444 1070 605 1128 ἤλαυνε
627 1072 696 1116 διὰ
717 1073 990 1129 ψαμαθώδεα
1009 1074 1164 1129 χαῖρον,

127 1139 230 1196 ἴχνι’
251 1139 543 1195 ἀποστρέψας·
574 1144 718 1196 δολίης
740 1138 781 1183 δ’
799 1138 852 1184 οὗ
874 1140 1032 1197 λήθετο
1052 1142 1212 1196 τέχνης.

125 1208 319 1252 σάνδαλα
341 1205 380 1250 δ’
405 1201 501 1251 εῧτῖῑ
518 1212 694 1263 ἔρριψεν
717 1209 785 1251 ἐπὶ
807 1208 1026 1264 ψαμάθοις
1045 1205 1231 1264 ἁλίῃσιν,

125 1273 311 1332 ἄφραστ’
332 1272 404 1331 ἠδ’
425 1272 585 1331 ἀνόητα
607 1278 802 1319 διέπλεκε
822 1274 1025 1332 θαυματὰ
1047 1280 1164 1331 ἔργα,

125 1348 380 1400 συμμίσγων
400 1341 584 1398 μυρίκας
604 1345 675 1386 καὶ
694 1345 1023 1399 μυρσινοειδέας
1041 1339 1174 1396 ὄζους.

125 1414 211 1454 τῶν
231 1409 323 1454 τότε
348 1410 566 1466 συνδήσας
585 1412 818 1466 νεοθηλέος
836 1409 1027 1466 ἄγκαλον
1046 1408 1164 1466 ὕλης,

125 1475 341 1534 εὖλαβέως
360 1474 444 1520 ὑπὸ
464 1479 620 1521 ποσσὶν
641 1477 822 1534 ἐδήσατο
842 1477 1036 1522 σάνδαλα
1056 1481 1216 1534 κοῦφα,

124 1543 319 1590 αὐτοῖσιν
338 1544 557 1588 πετάλοισι
571 1580 581 1599 ,
611 1544 678 1599 [τα
697 1545 878 1602 κύδιμος
896 1544 1199 1603 Ἀργειφόντης

125 1619 283 1658 ἔσπασε
303 1616 560 1668 Πιερίηθεν]
579 1610 833 1669 ὁδοιπορίην
852 1612 1075 1667 ἀλεείνων,

124 1689 144 1711 *
165 1678 234 1724 οἷά
253 1677 294 1724 τ’
314 1679 589 1736 ἐπειγόμενος
610 1679 786 1737 δολιχὴν
805 1678 930 1732 ὁδὸν,
961 1679 1236 1738 αὐτοπρεπὴς
1258 1681 1324 1733 ὥς.

124 1747 200 1791 τὸν
221 1748 267 1792 δὲ
286 1749 428 1803 γέρων
448 1747 598 1804 ἐνόησε
620 1750 762 1804 δέμων
781 1747 1012 1792 ἀνθοῦσαν
1032 1746 1192 1804 άλωὴν,

125 1818 296 1872 ἱέμενον
315 1818 518 1859 πεδίονδε
539 1814 599 1859 δι’
620 1814 850 1872 Ὀγχηστὸν
871 1820 1119 1871 λεχεποίην·

124 1882 199 1926 τὸν
221 1881 426 1937 πρότερος
445 1885 642 1938 προσέφη
662 1888 810 1939 Μαίης
829 1885 1051 1940 ἐρικυδέος
1070 1882 1183 1934 υἶός·

212 1952 260 1993 ’.Ω
280 1952 422 2005 γέρον,
444 1948 542 1994 ὅστε
556 1949 672 2004 φυτὰ
687 1950 888 2002 σκάπτεις
909 1951 1203 2006 ἐπικαμπύλος
1225 1948 1378 2006 ὤμους.

127 2011 150 2074 ἧ
169 2016 490 2074 πολυοινήσεις.
522 2011 617 2061 εὖτ’
637 2015 692 2061 ἄν
711 2017 814 2062 τάδε
836 2018 976 2062 πάντα
996 2021 1165 2074 φέρῃσι.

389 2087 409 2110 ια
681 2087 700 2110 *
970 2093 991 2117 10¹

122 2157 197 2195 καί
213 2169 256 2194 τε
278 2151 386 2195 ἰδών
405 2152 462 2209 μὴ
482 2151 592 2196 ι’δών
613 2153 723 2196 εἶναι
744 2159 815 2195 καὶ
834 2151 980 2208 κωφὸς
1005 2151 1206 2205 ἀκούσας,

122 2230 234 2275 ἆντία
253 2234 417 2285 ποιήσας
437 2232 578 2286 ὁπλὰς,
599 2231 665 2283 τας
680 2233 853 2284 πρόσθεν
874 2233 1053 2277 ὄπισθεν.

125 2287 190 2338 τοὶς
209 2288 243 2330 δ’
267 2288 408 2330 ὄπιθεν
428 2290 605 2341 πρόσθεν
619 2306 626 2313 ·
651 2286 747 2330 κατὰ
769 2288 804 2330 δ’
825 2292 989 2342 ἔμπαλιν
1007 2288 1123 2339 αὐτὸς
1143 2293 1283 2341 ἔβαινε.

1391 79 1442 120 23

1402 406 1444 441 65

1401 1082 1444 1117 75

1402 1216 1445 1252 79

1400 1286 1444 1319 80

1400 1624 1444 1658 85

1399 1960 1443 1994 90

1397 2243 1439 2279 77
