1619 2556
158 83 208 122 24
623 91 690 123 111.
721 91 802 124 ΕΙΣ
825 91 1005 124 EPMHN.

157 203 179 230 ⁸
199 197 268 240 καὶ
290 198 442 255 σιγᾷν,
470 194 539 238 ὅτε
559 194 616 251 μή
636 214 675 238 τι
694 194 975 251 καταβλάπτῃ
994 193 1040 238 τὸ
1061 194 1139 238 σὸν
1158 191 1305 240 αὐτοῦ.

266 263 430 308 Τόσσον
452 262 536 319 φὰς
555 264 763 307 συνέσευε
783 265 899 318 βοῶν
919 268 1082 319 ἰφθιμα
1102 260 1280 319 κάρηνα.

159 330 295 376 πολλὰ
317 329 357 375 δ’
379 329 457 387 ὅρη
477 328 676 374 σκιόεντα
695 331 767 374 καὶ
786 327 986 381 αὐλῶνας
1005 329 1283 382 κελαδεινοὺς
1436 341 1480 374 95

160 401 230 444 καὶ
251 397 367 443 πεδί’
390 396 660 455 ἀνθεμόεντα
682 398 856 454 διήλασε
878 397 1056 453 κύδιμος
1070 395 1232 454 Ἑρμῆς.

161 465 349 524 ὀρφναίη
371 465 411 510 δ’
433 469 662 520 ἐπίκουρος
682 464 865 510 ἐπαύετο
887 467 1088 522 δαιμονίη
1107 464 1201 519 νὺξ,

160 534 186 592 ἡ
206 540 389 587 πλείων,
420 534 523 590 τάχα
546 531 589 577 δ’
611 530 771 589 ὄρθρος
792 535 985 589 ἐγίγνετο
1007 534 1281 590 δημιοεργός·

161 607 289 660 τῆμος
311 600 379 647 ἐπ’
399 600 599 658 Ἀλφειόν
618 598 811 658 ποταμὸν
833 599 939 650 Διὸς
957 598 1134 656 ἄλκιμος
1154 601 1246 653 υίὸς
1420 614 1476 646 101

163 675 329 727 Φοίβου
347 668 613 720 ’Λπόλλωνος
632 672 738 726 βοῦς
758 666 917 725 ἤλασεν
938 665 1280 724 εὐρυμετώπους.

162 737 347 795 ἀκμῆτες
368 736 409 782 δ’
431 742 586 782 ἵκανον
606 735 674 781 ἐπ’
696 734 851 780 αὔλιον
871 733 1188 792 ὑψιμέλαθρον,

162 807 234 850 καὶ
253 805 410 862 ληνοὺς
431 804 731 860 προπάροιθεν
750 802 1010 859 ἀριπρεπέος
1029 806 1248 860 λειμῶνος.

163 871 263 919 ἕνθ’
286 874 376 918 ἐπεὶ
400 866 449 917 εὖ
469 872 653 929 βοτάνης
674 871 907 928 ἐπεφόρβει
927 873 1033 927 βοῦς
1054 870 1299 928 ἐριμύκους,
1422 884 1484 917 105

163 943 233 986 καὶ
253 940 326 992 τὰς
345 941 425 998 μὲν
444 942 711 985 συνέλασσεν
732 942 774 991 ἐς
794 938 947 983 αὔλιον
966 942 985 965 *
1005 936 1170 994 ἀθρόας
1190 938 1338 996 οὔσας,

163 1008 301 1053 λωτὸν
321 1011 606 1065 ἐρεπτομένας
627 1005 697 1064 ἠδ’
717 1006 923 1064 ἑρσήεντα
943 1006 1174 1063 κύπειρον·

163 1076 246 1121 σὺν
268 1075 310 1121 δ’
333 1075 480 1131 ἐφόρει
500 1075 606 1129 ξύλα
626 1074 784 1127 πολλὰ,
815 1073 951 1131 πυρὸς
973 1071 1013 1118 δ’
1035 1076 1260 1131 ἐπεμαίετο
1280 1076 1457 1132 τέχνην·

165 1144 331 1202 δάφνης
357 1142 520 1200 ἀγλαὸν
539 1142 635 1198 ὄζον
656 1142 764 1188 ἑλών
784 1144 963 1194 ἐπέλεψε
983 1141 1147 1201 σιδήρῳ

164 1212 353 1270 ἄρμενον
374 1215 421 1257 ἐν
441 1211 658 1268 παλάμῃς·
680 1219 698 1243 *
719 1209 917 1267 ἄμπνυτο
938 1209 985 1254 δὲ
1003 1208 1166 1266 θερμὸς
1185 1208 1344 1269 ἀϋτμή·
1426 1223 1486 1256 110

165 1279 300 1325 πολλὰ
322 1280 368 1324 δὲ
388 1279 582 1336 κάγκανα
602 1281 710 1323 κᾶλα
731 1281 977 1336 κατουδαίῳ
998 1278 1064 1321 ἐνὶ
1081 1277 1233 1337 βόθρῳ
1424 1289 1485 1324 112

164 1342 271 1393 οὖλα
292 1346 440 1403 λαβὼν
459 1349 675 1403 ἐπέθηκεν
695 1346 932 1404 ἐπηετανά·
961 1344 1149 1402 λάμπετο
1171 1346 1218 1390 δὲ
1245 1345 1351 1403 φλὸξ

165 1415 316 1474 τηλόσε
335 1417 481 1471 φῦσαν
502 1418 611 1459 ἱεῖσα
632 1413 768 1471 πυρὸς
787 1416 895 1472 μέγα
917 1414 1174 1469 δαιομένοιο.

166 1482 281 1541 ὄφρα
304 1483 350 1528 δὲ
371 1486 458 1540 πῦρ
478 1480 653 1527 ἀνέκαιε
673 1487 746 1539 βίη
766 1484 928 1526 κλυτοῦ
941 1478 1207 1537 (Ηφαίστοιο,
1423 1496 1486 1529 115

165 1551 304 1609 τόφρα
327 1548 369 1594 δ’
393 1549 647 1607 ἐριβρύχους
667 1552 810 1601 ἕλικας
829 1552 935 1606 βοῦς
955 1546 1070 1593 εἷλκε
1087 1548 1249 1605 θύραζε

168 1618 286 1670 δοιὰς
306 1617 405 1674 ἄγχι
428 1617 584 1674 πυρός·
604 1644 660 1650 —
685 1617 868 1674 δύναμις
889 1618 940 1661 δέ
955 1619 1000 1660 οἵ
1013 1621 1163 1660 ἔπλετο
1183 1616 1337 1675 πολλή·
1359 1644 1415 1650 -

166 1685 410 1744 ἀμφοτέρας
432 1683 475 1729 δ’
497 1687 565 1730 ἐπὶ
585 1688 701 1729 νῶτα
720 1686 848 1742 χαμαὶ
869 1683 975 1740 βάλε
994 1684 1243 1739 φυσιοώσας
1258 1698 1267 1708 ·

167 1758 186 1781 *
209 1757 421 1811 ἐγκλίνων
443 1752 486 1797 δ’
509 1753 730 1797 ἐκύλινδε.
762 1750 822 1796 δι’
844 1750 1005 1802 αίῶνάς
1023 1769 1069 1795 τε
1088 1751 1270 1809 τορήσας

167 1828 278 1882 ἔργῳ
303 1819 345 1866 δ’
369 1826 497 1877 ἔργον
516 1819 663 1874 ὄπαζε,
695 1818 842 1877 ταμών
863 1821 966 1875 κρέα
987 1824 1114 1864 πίονα
1137 1823 1281 1878 δημῷ·
1424 1832 1486 1865 120

168 1889 286 1934 ὤπτα
309 1893 333 1933 δ
341 1887 350 1900 '
371 1887 480 1945 ἀμφ’
502 1887 692 1944 ὀβελοῖσι
712 1891 965 1944 πεπαρμένα
987 1889 1272 1943 δουρατέοισι,

166 1958 327 2015 σάρκας
348 1953 457 2013 ὁμοῦ
477 1958 547 2000 καὶ
567 1959 681 1999 νῶτα
702 1956 912 2013 γεγάσμια
938 1955 1009 1998 καὶ
1028 1959 1161 2011 μέλαν
1181 1952 1285 2012 αἷμα

167 2028 376 2083 ἐργμένον
397 2027 443 2067 ἐν
462 2023 711 2079 χολάδεσσι·
739 2022 789 2067 τὰ
811 2021 853 2067 δ’
875 2021 1009 2066 αὐτοῦ
1036 2020 1145 2066 κεῖτ’
1167 2024 1235 2066 ε’πὶ
1255 2022 1393 2079 χώρης
1407 2037 1416 2045 ·

168 2151 189 2204 ἡ
215 2154 255 2194 δὲ
279 2154 366 2194 νέον
387 2151 552 2203 σκοπιὴν
575 2152 840 2205 προσεβήσατο
864 2154 926 2192 δῖα
948 2150 1114 2203 Σελήνη,
1443 2161 1486 2195 99

173 2209 392 2257 Πάλλαντος
414 2207 590 2261 θυγάτηρ
617 2210 919 2261 Μεγαμηδείδαο
939 2204 1114 2255 ἄνακτος,
1422 2215 1487 2250 100

161 2301 295 2347 Ἑρμῆς
322 2314 377 2338 τοι
403 2298 595 2350 πρώτιστα
615 2296 760 2350 πυρήϊα
784 2298 861 2348 πῦρ
886 2295 921 2336 τ’
943 2291 1121 2336 ἀνέδωκε.
1421 2305 1482 2340 111
