1619 2556
184 129 235 168 94
598 138 1099 173 BATPAXOMTOMAXM.

190 243 419 299 Ψιχάρπαξ
439 244 519 300 μὲν
539 241 622 298 ἐγώ
643 242 947 299 κικλήσκομαι·
977 243 1064 298 εἰμὶ
1088 242 1135 286 δὲ
1154 235 1310 299 κούρος

192 317 228 354 T
226 311 446 366 ρωξάρταο
466 310 626 366 πατρὸς
647 309 956 366 μεγαλήτορος·
984 307 1010 366 ἡ
1031 311 1081 353 δέ
1096 328 1151 353 νυ
1170 311 1308 369 μήτηρ

185 380 431 435 Λειχομύλη
445 414 455 430 ,
483 378 683 435 θυγατὴρ
703 377 1073 433 Πτερνοτρώκτου
1092 382 1308 436 βασιλῆος.

185 451 358 502 γείνατο
381 445 423 490 δ’
448 449 497 490 ἐν
516 446 684 502 καλύβῃ
705 465 757 502 με
778 447 850 489 καὶ
870 446 1132 499 ἐξεθρέψατο
1151 451 1349 503 βρωτοῖς,

183 513 331 565 σύκοις
351 516 420 558 καὶ
442 514 620 569 καρύοις
640 515 712 557 καὶ
732 516 935 569 ἐδέσμασι
954 516 1312 559 παντοδαποῖσιν.

183 585 273 633 πῶς
296 582 342 626 δὲ
362 588 494 638 φίλον
513 585 616 638 ποιῇ
636 599 710 638 με,
741 580 817 624 τὸν
838 583 879 632 ἐς
901 580 1038 636 φύσιν
1057 578 1189 626 οὐδὲν
1208 580 1379 639 ὁμοῖον;

182 651 250 693 σοὶ
270 650 350 706 μὲν
369 649 450 706 γὰρ
472 654 565 706 βίος
586 649 702 693 ἐστὶν
722 651 769 692 ἐν
787 647 968 692 ὕδασιν·
996 645 1133 703 αὐτὰρ
1155 654 1313 706 ἔμοιγε,

182 716 290 761 ὄσσα
311 716 416 773 παρ’
438 715 715 773 ἀνθρώποις,
744 715 929 773 τρώγειν
949 721 1070 767 ἔθος·
1099 714 1207 761 οὐδέ
1222 736 1275 774 με
1295 718 1420 775 λήθει

182 783 308 840 ἄρτος
330 784 661 835 δισκοπάνιστος
680 781 758 827 ἀπ’
781 782 997 829 εὐκύκλου
1017 786 1204 839 κανέοιο,

181 851 234 896 οὐ
256 852 459 904 πλακόεις
479 852 752 903 τανύπεπλος
773 857 883 908 ἔχων
903 853 1015 895 πολὺ
1037 852 1353 910 σησαμότυρον,

181 919 233 964 οὐ
254 919 380 977 τόμος
399 923 446 964 ἐκ
466 923 672 976 πτέρνης,
701 917 780 976 οὐχ
805 918 946 976 ἥπατα
966 925 1273 976 λευκοχίτωνα,

181 986 233 1031 ού
254 988 382 1043 τυρὸς
401 988 637 1045 νεόπηκτος
657 985 741 1032 ἀπὸ
761 993 990 1043 γλυκεροῖο
1013 987 1237 1043 γάλακτος,

180 1054 233 1099 ού
252 1055 438 1112 χρηστὸν
456 1061 695 1113 μελίτωμα,
724 1054 771 1099 τὸ
791 1057 863 1099 καὶ
881 1055 1070 1112 μάκαρες
1090 1058 1345 1111 ποθέουσιν,

180 1122 277 1168 οὐδ’
298 1122 379 1168 ὅσα
399 1123 505 1180 πρὸς
524 1129 680 1173 θοίνας
699 1123 904 1181 μερόπων
924 1124 1125 1180 τεύχουσι
1147 1124 1359 1182 μάγειροι,

181 1195 443 1249 κοσμοῦντες
462 1191 619 1247 χύτρας
640 1189 853 1248 ἆρτύμασι
872 1195 1230 1237 παντοδαποῖσιν.

182 1258 402 1310 [οὐδέποτ’
426 1262 472 1304 ἐκ
492 1261 694 1316 πολέμοιο
714 1259 853 1317 κακὴν
878 1256 1131 1317 ἀπέφευγον
1153 1259 1306 1317 ἀυτὴν,

179 1325 278 1371 ἄλλ’
302 1326 404 1378 ἰθὺς
423 1327 530 1384 μετὰ
549 1330 694 1384 μῶλον
715 1326 794 1372 ι’ων
814 1325 1101 1385 προμάχοισιν
1122 1329 1319 1385 ἐμίχθην.

178 1392 230 1438 ού
251 1393 365 1439 δέδι’
387 1393 627 1449 ἄνθρωπον
647 1400 802 1452 καίπερ
823 1397 932 1453 μέγα
952 1398 1074 1453 σῶμα
1094 1399 1332 1450 φοροῦντα,

178 1460 275 1506 ἄλλ’
297 1464 367 1506 ἐπὶ
385 1464 565 1518 λέκτρον
584 1461 663 1507 ίών
686 1463 944 1508 καταδακνω
967 1464 1185 1508 δάκτυλον
1204 1462 1353 1520 ἄκρον,

178 1532 247 1574 καὶ
269 1532 455 1587 πτέρνης
475 1530 692 1587 λαβόμην.
726 1533 798 1576 καὶ
817 1530 869 1575 οὐ
890 1530 1023 1582 πόνος
1044 1530 1186 1587 ἄνδρα
1206 1535 1373 1586 ἵκανεν,

177 1598 370 1655 νήδυμος
389 1596 468 1642 οὐκ
490 1596 740 1655 ἀπέφευγεν
759 1598 896 1650 ὕπνος
921 1600 1158 1651 δάκνοντος
1179 1602 1306 1656 ἐμεῖο.

177 1664 284 1709 ἀλλὰ
306 1666 396 1710 δύω
416 1666 594 1710 πάντων
612 1666 726 1722 μάλα
747 1671 888 1712 δείδια
918 1671 1062 1711 πᾶσαν
1083 1665 1151 1711 ἐπ’
1173 1667 1288 1717 αἶαν,

176 1739 329 1788 κίρκον
347 1735 419 1778 καὶ
438 1736 622 1791 γαλεήν,
650 1738 781 1791 οἴμοι
801 1741 910 1791 μέγα
931 1738 1096 1786 πένθος
1116 1734 1313 1791 ἄγουσιν,

177 1803 247 1845 καὶ
267 1805 430 1857 παγίδα
450 1802 734 1854 στονόεσσαν,
762 1801 874 1846 ὅπου
897 1802 1063 1854 δολόεις
1083 1805 1186 1847 πέλε
1207 1802 1386 1860 πότμος·

176 1875 380 1913 πλεῖστον
402 1869 455 1926 δὴ
474 1871 636 1926 γαλέην
658 1874 903 1925 περιδείδια
917 1906 926 1919 ,
958 1869 1051 1927 ἥτις
1072 1869 1238 1926 ἀρίστη,

175 1934 200 1992 ἡ
221 1938 293 1980 καὶ
312 1937 647 1993 τρωγλοδύοντα
667 1938 774 1982 κατὰ
795 1937 994 1995 τρωγλην
1014 1940 1225 1994 ε’ρεείνει.]

175 2002 227 2047 οὔ
247 2004 398 2060 τρώγω
420 2005 643 2061 ῥαφάνας,
673 2004 725 2049 ού
746 2006 963 2063 κράμβας,
993 2004 1045 2050 ού
1068 2004 1346 2059 κολοκύντας,

174 2070 227 2116 οὐ
246 2072 455 2128 πράσσοις
475 2079 656 2129 χλωροῖς
677 2074 979 2130 ἐπιβόσκομαι..
1012 2072 1116 2117 οὐδὲ
1136 2078 1344 2124 σελίνοις·

175 2143 310 2184 ταῦτα
329 2139 411 2196 γὰρ
431 2138 608 2198 ὑμέτερ’
629 2142 746 2185 ἐστὶν
766 2141 977 2198 ἐδέσματα
998 2144 1085 2184 τῶν
1105 2139 1213 2184 κατὰ
1233 2146 1403 2197 λίμνην.

275 2207 396 2263 Πρὸς
414 2208 517 2252 τάδε
541 2208 768 2265 μειδιάσας
790 2214 1073 2264 Φυσίγναθος
1093 2205 1246 2252 ἀντίον
1266 2206 1403 2264 ηὔδα·

173 2277 321 2327 Ξεϊνε,
354 2282 453 2332 λίην
472 2273 621 2332 αὐχεῖς
641 2278 710 2320 ἐπὶ
730 2276 926 2332 γαστέρι·
954 2281 1043 2320 ἔστι
1063 2276 1135 2320 καὶ
1156 2273 1259 2332 ἡμῖν

175 2342 313 2386 πολλὰ
331 2341 435 2400 μάλ’
457 2346 505 2387 ἐν
520 2349 650 2400 λίμνῃ
670 2345 742 2387 καὶ
764 2346 831 2388 ἐπὶ
853 2344 985 2400 χθονὶ
1004 2341 1200 2399 θαύματ’
1221 2342 1408 2388 ἰδέσθαι.

1466 797 1511 832 35

1465 1476 1508 1510 45

1463 1814 1508 1848 50
