1619 2556
178 105 228 143 74
276 114 355 146 XX.
388 113 470 146 ΕΙΣ
495 111 762 146 ΗΦΑΙΣΤΟΝ.
811 112 908 146 XXI.
942 113 1025 145 ΕΙΣ
1050 111 1324 146 ΑΠΟΛΛΩΝΑ
1351 116 1419 144 etc.

791 233 895 276 XX.

653 317 735 350 ΕΙΣ
767 317 1034 351 ΗΦΑῙΣΤΟΝ.

264 399 510 458 ’Ἠφαιστον
530 399 793 457 κλυτόμητιν
812 398 976 456 ἀείσεο,
999 403 1163 445 Μοῦσα
1183 406 1337 458 λίγεια.

174 467 220 520 ὃς
239 466 335 526 μετ’
359 466 593 525 Ἀθηναίης
614 468 920 525 γλαυκώπιδος
938 466 1079 526 ἀγλαὰ
1098 473 1203 525 ἔργα

175 534 441 592 ἀνθρώπους
462 539 662 590 ἐδίδαξεν
682 537 753 581 ἐπὶ
773 535 957 594 χθονὸς,
989 542 1034 581 οἳ
1049 535 1096 580 τὸ
1116 536 1253 593 πάρος
1273 555 1354 591 περ

177 603 352 661 ἄντροις
372 603 661 649 ναιετάασκον
681 607 729 650 ἐν
750 604 952 662 οὔρεσιν,
973 602 1076 662 ἠΰτε
1095 607 1242 662 θῆρες.

175 677 258 717 νῦν
279 674 326 718 δὲ
348 671 409 718 δι’
425 670 674 729 ’Ἠφαιστον
694 675 985 730 κλυτοτέχνην
1004 678 1108 729 ἔργα
1130 675 1306 725 δαέντες
1492 685 1511 717 5

176 744 354 798 ῥηιδίως
374 735 513 785 αἰῶνα
533 740 802 797 τελεσφόρον
823 747 883 793 εἰς
903 740 1108 786 ἐνιαυτὸν

176 807 350 867 εὔκηλοι
373 809 604 866 διάγουσιν
625 811 691 854 ε’νὶ
711 812 958 866 σφετέροισι
979 808 1191 866 δόμοισιν.

265 875 380 921 Ἀλλ’
400 875 789 934 ἴληθ’,”Ηφαιστε·
818 881 944 923 δίδου
967 874 1010 921 δ’
1032 874 1192 935 ἀρετήν
1211 895 1255 921 τε
1276 878 1347 920 καὶ
1367 874 1511 933 ὄλβον.

778 1087 907 1128 ΧΧΙ.

639 1177 722 1210 ΕΙΣ
754 1178 1041 1212 ΑΠΟΛΛΩΝΑ.

279 1265 429 1317 Φοῖβε,
451 1260 498 1305 σὲ
516 1260 597 1317 μὲν
617 1261 690 1305 καὶ
709 1260 869 1313 κύκνος
888 1258 974 1306 ὑπὸ
993 1261 1224 1318 πτερύγων
1246 1258 1336 1317 λίγ’
1358 1259 1507 1316 ἀείδει,

174 1330 288 1386 ὄχθῃ
309 1328 602 1385 ἐπιθρώσκων
623 1327 819 1386 ποταμὸν
840 1328 957 1386 πάρα
979 1329 1198 1386 δινήεντα,

174 1396 387 1454 Πηνειόν·
418 1397 465 1442 σὲ
487 1394 529 1441 δ’
552 1395 699 1448 ἀοιδὸς
719 1402 832 1454 ἔχων
850 1396 1073 1454 φόρμιγγα
1092 1403 1262 1453 λίγειαν

176 1463 369 1522 ἡδυεπὴς
388 1464 563 1521 πρῶτόν
582 1483 628 1509 τε
649 1466 720 1509 καὶ
740 1464 929 1509 ὕστατον
950 1465 1045 1509 αἰὲν
1064 1463 1214 1510 ἀείδει.

278 1533 366 1576 Καὶ
385 1531 441 1576 σύ
460 1533 541 1590 μὲν
559 1532 673 1577 οὕτω
695 1544 838 1589 χαῖρε,
867 1532 998 1589 ἅναξ,
1026 1537 1178 1590 ἵλαμαι
1199 1535 1250 1577 δέ
1267 1531 1308 1575 σ’
1330 1531 1469 1591 ἀοιδῇ.
1490 1546 1510 1578 5

770 1741 921 1782 XXII.

632 1833 714 1866 ΕΙΣ
748 1832 1049 1865 ΠοΣΕῙΔῼΝΑ.

272 1915 400 1973 Ἀμφὶ
419 1916 734 1967 Ποσειδάωνα,
764 1915 875 1959 θεὸν
894 1917 1053 1973 με’γαν.
1084 1914 1239 1972 άρχομ’
1259 1913 1438 1965 ἀείδειν.

171 1989 296 2041 γαίης
316 1987 540 2065 κινητῆρα
549 1985 619 2028 καὶ
642 1982 896 2040 ἀτρυγέτοιο
915 1983 1156 2041 θαλάσσης,

171 2050 374 2106 πόντιον,
400 2050 446 2103 ὅς
465 2049 515 2096 θ’
530 2048 741 2096 Ελικωνα
762 2053 834 2096 καὶ
854 2049 1026 2108 εὐρείας
1048 2057 1133 2108 ἔχει
1154 2051 1305 2108 Αἰγάς.

173 2119 304 2176 διχθά
324 2138 412 2171 τοι,
440 2117 729 2177 ΜΕννοσιγαιε
758 2121 857 2164 θεοὶ
880 2117 1009 2176 τιμὴν
1028 2118 1255 2175 ἐδάσαντο,

170 2192 318 2232 ἵππων
337 2205 383 2232 τε
404 2186 586 2244 δμητῆρ’
610 2193 782 2244 ε’,μεναι
815 2187 986 2243 σωτῆρά
1006 2205 1050 2231 τε
1071 2191 1201 2244 νηῶν.
1487 2199 1505 2229 5

271 2261 429 2312 Χαῖρε,
458 2259 708 2300 Ποσείδαον
730 2255 905 2312 γαιήοχε
926 2266 1214 2336 κυανοχαιτα,

171 2325 263 2375 καὶ,
294 2322 458 2381 μάκαρ
492 2320 669 2380 εὐμενὲς
689 2341 792 2380 ητορ
813 2329 923 2380 ἔχων
943 2322 1166 2367 πλώουσιν
1187 2322 1333 2380 ἀρηγε.
