1619 2556
189 133 214 171 4
517 144 544 174 1.
581 143 660 174 1312*
685 142 957 176 ΑΠΟΛΛῼΝΑ
981 144 1176 176 ΔΗΛΙοΝ.

193 239 217 302 ἦ
237 244 292 296 ὥς
311 260 359 289 σε
380 249 552 302 πρῶτον
572 245 698 302 Λητώ
718 249 827 302 τέκε,
848 246 988 303 χάρμα
1007 253 1214 303 βροτοῖσι,

191 319 420 358 κλινθεῖσα
441 314 546 370 πρὸς
566 314 747 366 Κύνθος
766 313 865 371 ὅρος
887 318 1057 372 κραναῇ
1079 317 1143 360 ἐνὶ
1164 316 1298 375 νήσῳ,

192 380 323 440 Δήλῳ
345 383 392 426 ἐν
412 380 656 439 άμφιρύτῃ;
680 381 887 439 ἑκάτερθε
909 383 956 426 δὲ
975 386 1091 439 κῦμα
1111 383 1316 428 κελαινὸν

192 448 304 506 ἐξῄει
324 451 530 506 χέρσονδε
549 456 819 507 λιγυπνοίοις
838 449 1075 507 ἀνέμοισιν.

191 521 324 561 ἔνθεν
343 515 641 575 ἀπορνύμενος
661 522 766 562 πᾶσι
784 525 1016 574 θνητοῖσιν
1034 517 1250 574 άνάσσεις,

189 583 344 636 ὅσσους
364 586 515 643 Κρήτη
534 584 574 630 τ’
595 586 715 638 ἐντὸς
735 591 820 643 ἔχει
841 588 911 630 καὶ
933 590 1065 643 δῆμος
1083 584 1295 643 Ἀθηνῶν,

189 653 318 709 νῆσός
337 652 377 697 τ’
400 659 581 711 Αἰγίνης
591 654 879 711 ναυσικλειτή
896 653 936 698 τ’
956 653 1138 711 Εὔβοια,

191 723 323 778 Αἰγαὶ
344 727 572 777 Πειρεσίαι
592 741 637 766 τε
657 724 728 767 καὶ
747 720 942 779 άμφιάλη
961 721 1241 779 Πεπάρηθος,

190 789 393 846 Θρηΐκιός
411 788 450 834 τ’
468 788 631 841 ’Λθόως
650 792 722 835 καὶ
740 795 911 847 Πηλίου
930 789 1042 847 ἄκρα
1061 789 1244 847 κάρηνα,

190 862 374 915 Θρηῑκιή
393 876 438 902 τε
457 857 733 915 ΣάμοςἽδης
752 856 792 902 τ’
813 856 917 915 ὄρεα
935 858 1150 912 σκιόεντα,

188 925 361 981 Σκύρος
380 927 451 970 καὶ
472 926 650 970 Φώκαια
670 928 742 971 καὶ
763 924 1018 982 Αὐτοκάνης
1038 923 1138 982 ὅρος
1156 924 1278 970 αἰπὺ.

179 991 353 1050 Ἴμβρος
375 991 415 1037 τ’
437 992 666 1052 εὐκτιμένη
686 996 758 1039 καὶ
778 997 950 1052 Λῆμνος
971 992 1308 1051 ἀμιχθαλόεσσα,

188 1062 353 1118 Λέσβος
371 1063 411 1105 τ’
432 1060 615 1119 ἠγαθέη,
640 1062 853 1119 Μάκαρος
872 1066 968 1114 ἕδος
988 1067 1240 1115 Αἰολίωνος,

187 1129 260 1173 καὶ
278 1134 383 1180 Χιός
394 1166 405 1185 ,
428 1127 454 1186 ἢ
472 1129 619 1187 νήσων
638 1130 914 1187 λιπαρωτάτη
934 1135 999 1175 εἰν
1018 1127 1089 1174 ἁλὶ
1108 1140 1261 1185 κεῖται,

187 1196 442 1248 παιπαλόεις
462 1216 507 1241 τε
526 1203 679 1254 Μίμας
699 1200 772 1243 καὶ
791 1198 1008 1255 Κωρύκου
1028 1195 1139 1255 ἄκρα
1159 1197 1341 1254 κάρηνα.

187 1266 258 1309 καὶ
277 1265 448 1321 Κλάρος
468 1265 702 1322 αἰγλήεσσα
722 1268 793 1310 καὶ
813 1268 1029 1323 Αἰσαγέης
1047 1263 1146 1321 ὅρος
1166 1263 1287 1319 αι’πύ,

186 1334 258 1376 καὶ
276 1332 423 1390 Σάμος
442 1331 609 1390 ὑδρηλὴ
627 1334 843 1391 Μυκάλης
862 1333 902 1378 τ’
922 1333 1098 1379 αἰπεινὰ
1117 1333 1299 1390 κάρηνα,

186 1400 381 1457 Μίλητός
401 1419 446 1445 τε
465 1401 590 1452 Κόως
611 1420 655 1445 τε
668 1437 678 1453 ,
707 1402 829 1453 πόλις
847 1401 1074 1458 Μερόπων
1093 1399 1357 1457 ἀνθρώπων,

186 1469 259 1512 καὶ
277 1472 440 1520 Κνίδος
459 1468 634 1526 αἰπεινὴ
652 1471 724 1514 καὶ
743 1470 985 1527 Κάρπαθος
1004 1467 1256 1527 ἠνεμόεσσα,

191 1536 330 1589 Νάξος
350 1535 390 1580 τ’
411 1534 487 1593 ἠδὲ
506 1536 652 1593 Πάρος
666 1535 837 1595 Ῥήναιά
856 1556 901 1582 τε
919 1537 1173 1595 πετρήεσσα,

186 1603 340 1648 τόσσον
360 1603 430 1649 ἐπ’
451 1603 669 1649 ὠδίνουσα
683 1603 917 1663 Ἑκηβόλον
935 1609 1051 1650 ἵκετο
1071 1604 1212 1662 Λητὼ,

187 1679 230 1716 εἷ
244 1677 306 1723 τίς
326 1675 371 1716 oc
384 1674 545 1729 γαιέων
564 1677 654 1718 υἱεῖ
668 1676 792 1718 θέλοι
812 1678 926 1718 οἰκία
947 1674 1121 1718 θέσθαι.

187 1743 234 1783 αἱ
251 1740 296 1785 δὲ
315 1738 418 1797 μάλ’
440 1741 645 1798 ἐτρόμεον
664 1743 736 1785 καὶ
755 1744 990 1794 ἐδείδισαν,
1010 1738 1118 1786 οὐδέ
1133 1759 1195 1792 τις
1215 1745 1314 1796 ἔτλη

187 1812 353 1864 Φοῖβον
375 1810 582 1861 δέξασθαι
596 1844 606 1863 ,
637 1810 709 1853 καὶ
730 1811 906 1866 πιοτέρη
926 1826 1006 1865 περ
1027 1811 1157 1853 ἐοῦσα

186 1881 290 1931 πρίν
308 1874 352 1931 γ’
373 1874 444 1919 ὅτε
465 1876 518 1933 δή
538 1875 582 1933 ρ’“’
603 1878 674 1921 ἐπὶ
694 1877 845 1933 Δήλου
865 1876 1048 1934 ἐβήσατο
1068 1876 1223 1920 πότνια
1243 1873 1371 1932 Λητώ

186 1948 261 1988 καί
275 1962 350 2000 μιν
369 1941 628 2001 ἀνειρομένη
648 1949 752 1989 ἔπεα
774 1943 1009 2000 πτερόεντα
1028 1943 1275 2001 προσηύδα·

286 2009 413 2067 Δῆλ’.
444 2016 482 2056 εἰ
499 2011 581 2068 γάρ
601 2010 644 2056 κ’
665 2014 834 2064 ἐθέλοις
853 2014 948 2064 ἕδος
968 2017 1147 2070 ἔμμεναι
1166 2008 1259 2062 υἷος
1279 2013 1411 2067 ἐμοῖο,

186 2083 353 2134 Φοίβου
369 2077 634 2131 ’Λπόλλωνος
647 2114 657 2133 ,
687 2081 852 2124 θέσθαι
872 2077 910 2123 τ’
933 2081 998 2124 ἐνὶ
1017 2085 1146 2124 πίονα
1165 2077 1287 2135 νηὸν,
1311 2104 1366 2110 -

183 2143 310 2197 ἄλλος
331 2144 372 2190 δ’
394 2145 513 2198 οὔτις
532 2158 622 2192 σεῖο
643 2145 751 2191 ποθ’
772 2146 950 2202 ἅψεται,
979 2145 1087 2192 οὐδέ
1100 2161 1148 2191 σε
1167 2151 1290 2202 τίσει,

182 2210 282 2257 οὐδ’
303 2212 448 2269 εὔβων
467 2228 515 2258 σε
534 2219 712 2259 ἔσεσθαι
731 2213 898 2271 ὀΐομαι,
928 2212 1023 2259 οὔτ’
1045 2213 1248 2272 εὔμηλον,

181 2278 284 2325 οὐδὲ
303 2281 468 2337 τρύγην
486 2289 638 2333 οἴσεις,
669 2279 764 2326 οὔτ’
785 2279 839 2339 ἂρ
858 2281 974 2338 φυτὰ
996 2287 1129 2339 μυρία
1148 2281 1313 2337 φύσεις.

182 2353 226 2392 αἰ
244 2350 296 2393 δέ
310 2347 352 2392 κ’
371 2347 638 2400 ’Λπόλλωνος
658 2351 866 2406 ἑκαέργου
886 2349 994 2406 νηὸν
1016 2355 1195 2407 ἔχῃσθα,

1465 599 1511 633 30

1466 1614 1508 1647 45
