1619 2556
194 117 246 155 32
668 127 734 159 111.
767 127 846 159 ΕΙΣ
873 127 1050 159 ΕΡΜΗΝ.

193 227 290 273 οὔτ’
311 228 393 285 ἄρα
414 231 560 286 χερσὶν
580 235 727 287 ἔβαινε
748 229 819 274 διὰ
840 230 1111 287 ψαμαθώδεα
1131 234 1292 288 χῶρον·

193 296 289 341 ἀλλ’
310 295 447 354 ἄλλην
465 297 563 341 τινὰ
580 301 710 354 μῆτιν
728 304 838 354 ἔχων
859 300 1046 355 διέτριβε
1067 301 1270 354 κέλευθα,

194 375 288 409 τοῖα
307 363 471 421 πέλωρ’
476 400 486 418 ‚
520 363 575 416 ὡς
596 373 639 410 εἰ
652 384 715 418 τις
734 363 913 422 ἀραιῇσι
935 367 1063 421 δρυσὶ
1083 371 1239 423 βαίνοι.

193 432 333 489 ὄφρα
328 433 407 477 ιιὲν
425 434 505 477 οὐν
525 436 680 478 ἐδίωκε
700 432 770 478 διὰ
790 433 1064 489 ψαμαθώδεα
1084 452 1239 490 χωρον
1449 443 1519 478 350

195 504 315 557 ῥεῖα
312 498 409 544 μάλ’
431 508 546 557 ἴχνια
566 500 707 561 πάντα
727 504 962 556 διέπρεπεν
982 503 1030 546 ἐν
1049 507 1267 560 κονίῃσιν·

193 566 330 622 αὐτὰρ
350 570 442 612 ἐπεὶ
461 568 685 625 ψαμάθοιο
704 571 842 626 μέγαν
863 573 1013 625 στίβον
1034 570 1304 627 ἐξεπέρησεν,

193 636 411 693 ἄφραστος
430 634 572 693 γένετ’
594 630 685 680 ὦκα
705 639 824 693 βοῶν
843 641 989 692 στίβος
1008 634 1084 694 ἠδὲ
1103 639 1177 682 καὶ
1195 634 1344 693 αὐτοῦ,

192 708 334 762 χῶρον
353 701 437 748 ἄνα
457 703 687 761 κρατερόν·
717 703 793 747 τὸν
814 701 854 748 δ’
876 704 1094 761 ἐφράσατο
1115 703 1268 762 βροτὸς
1288 701 1396 762 ἀνὴρ

193 778 253 825 εἰς
272 772 425 816 Πύλον
446 770 582 823 εὐθὺς
602 774 766 817 ἐλῶντα
786 775 904 828 βοῶν
922 775 1047 828 γένος
1067 770 1398 830 εὐρυμετώπων.
1450 783 1517 817 355

193 839 329 896 αὐτὰρ
350 841 501 897 ἐπειδὴ
520 839 594 891 τὰς
612 841 693 897 μὲν
713 842 760 885 ἐν
779 838 934 898 ἡσυχίῃ
955 842 1166 897 κατέερξε,

191 911 261 953 καὶ
285 908 706 964 διαπυρπαλάμησεν
725 905 832 952 ὁδοῦ
853 907 898 951 τὸ
919 908 1000 965 μὲν
1018 913 1152 959 ἔνθα,
1184 907 1231 952 τὸ
1253 907 1294 953 δ’
1315 914 1439 963 ἔνθα,

193 980 241 1021 ἐν
260 982 394 1035 λίκνῳ
416 978 637 1020 κατέκειτο
655 981 839 1033 μελαίνῃ
858 978 985 1020 νυκτὶ
1004 975 1166 1031 εὀικώς,

193 1044 337 1104 ἄντρῳ
359 1047 408 1089 ἐν
427 1041 623 1100 ἠερόεντι
642 1042 750 1088 κατὰ
771 1044 903 1100 ζόφον
916 1057 925 1066 ·
952 1042 1059 1089 οὐδέ
1074 1061 1152 1089 κεν
1170 1041 1305 1088 αὐτὸν

192 1112 331 1164 αἰετὸς
352 1109 427 1166 ὀξὺ
448 1111 566 1155 λάων
586 1114 795 1160 ἐσκέψατο
809 1125 818 1133 ·
845 1111 982 1156 πολλὰ
1004 1112 1050 1156 δὲ
1070 1114 1217 1168 χερσὶν
1449 1123 1518 1157 360

192 1178 328 1238 αὐγὰς
348 1178 567 1237 ω’μόργαζε
588 1179 920 1237 δολοφροσύνην
940 1177 1178 1236 ἀλεγύνων.

191 1247 320 1300 αὐτὸς
341 1246 384 1292 δ’
408 1245 564 1292 αὐτίκα
583 1251 731 1304 μῦθον
750 1245 998 1305 ἀπηλεγέως
1019 1244 1231 1304 ἀγόρευεν
1245 1262 1254 1270 ·

190 1315 271 1361 οὐκ
290 1320 409 1372 ἔδον,
436 1312 488 1360 οὐ
507 1315 736 1372 πυθόμην
764 1314 843 1360 οὐκ
863 1314 997 1359 ἄλλου
1016 1317 1164 1372 μῦθον
1184 1314 1362 1372 ἄκουσα,

191 1382 298 1429 οὐδέ
314 1401 361 1428 κε
380 1381 633 1441 μηνύσαιμ’
661 1382 761 1428 ουδ
783 1381 839 1426 αν
857 1383 1078 1440 μήνυτρον
1097 1380 1292 1441 αροίμην.

259 1446 410 1496 ''Htoc
392 1450 466 1508 ἄρ’
486 1448 543 1502 ω“ς
555 1450 690 1495 εἰπὼν
701 1449 799 1496 κατ’
817 1450 872 1505 ἄρ
879 1449 1015 1505 ἐ’ζετο
1029 1455 1190 1508 Φοῖβος
1199 1449 1439 1495 Ἀπόλλων·
1448 1461 1515 1496 365

185 1518 338 1577 Ἐρμῆς
358 1517 401 1563 δ’
422 1524 577 1564 αυτικα
598 1522 745 1576 μῦθον
766 1522 813 1564 ἐν
833 1516 1120 1564 ἀθανάτοισιν
1140 1524 1298 1570 ἔειπεν,

192 1589 360 1640 δείξατο
382 1585 426 1631 δ’
448 1591 508 1637 εἰς
526 1591 780 1642 Κρονίωνα,
811 1589 932 1631 θεῶν
950 1585 1198 1643 σημάντορα
1218 1586 1394 1631 πάντων
1407 1602 1415 1609 ·

275 1658 363 1700 Ζεῦ
380 1655 515 1711 πάτερ
527 1690 537 1710 ‚
566 1649 659 1711 ἦτοι
679 1655 764 1712 ἐγώ
783 1669 851 1698 σοι
870 1652 1083 1710 ἀληθείην
1102 1656 1318 1708 καταλέξω
1330 1668 1340 1677 ·

190 1722 401 1780 νημερτής
419 1741 466 1768 τε
483 1721 565 1778 γάρ
588 1727 695 1779 εἰμι,
726 1723 799 1767 καὶ
818 1720 898 1765 οὐκ
917 1722 959 1766 οἶ
962 1725 1016 1766 δα
1038 1721 1291 1770 ψεύδεσθαι.

190 1785 328 1848 ἦλθεν
348 1793 390 1843 ἐς
409 1788 618 1848 ἡμετέρου
639 1790 860 1847 διζήμενος
882 1792 1101 1841 εἰλίποδας
1121 1793 1226 1846 βοῦς
1447 1798 1515 1833 370

190 1858 378 1916 σήμερον
396 1856 556 1915 ἠελίοιο
574 1857 677 1902 νὲον
697 1857 1062 1914 ἐπιτελλομένοιο-’

189 1925 292 1972 οὐδὲ
310 1929 432 1972 θεῶν
449 1925 657 1982 μακάρων
681 1924 757 1982 ἄγε
776 1925 997 1984 μάρτυρας
1016 1922 1120 1969 οὐδὲ
1138 1924 1365 1975 κατόπτας.

188 1993 372 2052 μηνύειν
393 1992 435 2037 δ’
456 1993 656 2038 ἐκέλευεν
674 1991 911 2050 ἀναγκαίης
929 1989 1014 2037 ὑπὸ
1033 1994 1205 2048 πολλῆς,

189 2060 325 2106 πολλὰ
346 2062 394 2108 δέ
411 2059 457 2118 μ’
477 2058 683 2118 ἠπείλησε
703 2067 856 2117 βαλεῖν
876 2063 917 2111 ἐς
943 2059 1167 2115 Τάρταρον
1186 2056 1335 2115 εὐρὺν,

189 2129 336 2186 οὕνεχ’
356 2128 379 2173 ὁ
398 2129 478 2186 μὲν
497 2129 620 2183 τέρεν
639 2127 777 2180 ἄνθος
803 2134 888 2185 ἔχει
906 2125 1166 2183 φιλοκυδέος
1184 2124 1306 2183 ἥβης,
1444 2134 1512 2170 375

189 2196 325 2254 αὐτὰρ
345 2196 428 2254 ἐγώ
443 2195 588 2252 χθιζὸς
606 2196 796 2253 γενόμην
810 2223 866 2229 -
882 2194 933 2239 τὰ
955 2194 1004 2239 δέ
1021 2192 1062 2238 τ’
1083 2194 1176 2239 οἶδε
1190 2195 1262 2238 καὶ
1280 2190 1434 2245 αὐτός·
1452 2219 1508 2224 -

189 2265 284 2309 οὖτι
303 2269 421 2321 βοῶν
440 2266 635 2319 ἐλατῆρι,
664 2267 856 2322 κραταιῷ
875 2263 1009 2319 φωτὶ,
1039 2261 1200 2312 ἐοικώς.

191 2338 366 2376 πείθεο·
394 2332 465 2376 καὶ
484 2329 565 2386 γὰρ
586 2334 702 2387 ἐμεῖο
723 2330 862 2387 πατὴρ
882 2336 1006 2385 φίλος
1027 2327 1171 2385 εὔχεαι
1194 2328 1327 2372 εἶναι·
