1619 2556
210 110 261 148 72
683 119 780 152 XIX.
809 121 890 153 ΕΙΣ
918 121 1060 154 HANA.

312 223 399 267 Καὶ
419 221 473 266 σύ
494 223 574 280 μὲν
594 220 709 266 οὕτω
731 235 852 282 χαῖρε
865 260 875 280 ,
906 224 1013 277 Διὸς
1033 227 1106 270 καὶ
1125 226 1330 280 ἰἉαιάδος
1349 229 1438 273 υἰέ·
1503 241 1543 273 10

206 294 285 336 σεῦ
306 289 347 334 δ’
371 289 455 346 ἐγώ
475 288 712 348 ἀρξάμενος
729 292 1027 351 μεταβήσομαι
1046 292 1180 338 ἄλλον
1200 297 1242 346 ἐς
1262 293 1413 351 ὕμνον.

806 509 933 550 XIX.

702 600 806 634 ΕΙΣ
848 601 1034 634 HANA.

302 694 434 751 Ἀμφί
447 712 520 751 μοι
534 692 733 751 Ἑρμείαο
754 698 886 749 φίλον
907 693 1040 750 γόνον
1061 698 1216 739 ἔννεπε
1229 729 1239 747 ,
1268 699 1446 749 ΛῙούσα,

204 763 462 819 αἰγιπόδην,
494 763 730 818 δικέρωτα,
761 761 1045 818 φιλόκροτον,
1075 759 1170 806 ὅστ’
1194 760 1278 807 dvo>
1299 769 1402 822 πίση

205 828 459 887 δενδρήεντ’
482 829 640 887 ἄμυδις
661 833 794 889 φοιτᾷ
811 830 1046 887 χοροήθεσι
1066 830 1275 887 νύμφαις,

202 902 295 943 αἵτε
315 896 413 943 κατ’
435 902 652 955 αἰγίλιπος
673 900 830 955 πέτρης
852 903 1073 955 στείβουσι
1095 898 1264 955 κάρηνα

206 965 321 1011 Πᾶν’
343 963 710 1024 ἀνακεκλόμεναι,
742 966 896 1024 νόμιον
917 965 1046 1021 θεὸν,
1075 965 1379 1024 ἀγλαέθειρον,
1517 983 1536 1015 5

202 1033 464 1092 αὐχμήενθ’,
494 1032 540 1086 ὃς
560 1034 702 1079 πάντα
722 1035 860 1091 λόφον
880 1034 1089 1091 νιφόεντα
1109 1037 1283 1092 λέλογχε

203 1105 275 1147 καὶ
295 1102 490 1160 κορυφὰς
511 1100 650 1157 ὀρέων
669 1104 743 1147 καὶ
762 1102 1001 1160 πετρήεντα
1021 1104 1225 1148 κέλευθα.

203 1174 334 1230 φοιτᾷ
355 1170 395 1216 δ’
417 1176 528 1216 ἔνθα
548 1173 620 1216 καὶ
641 1177 752 1216 ἔνθα
776 1170 848 1216 διὰ
870 1170 1039 1229 ῥωπήϊα
1062 1170 1222 1226 πυκνὰ,

201 1238 354 1284 ἄλλοτε
373 1240 453 1297 μὲν
474 1242 720 1296 ῥείθροισιν
742 1239 999 1297 ἐφεζόμενος
1017 1245 1292 1296 μαλακοῖσιν,

200 1306 352 1352 ἄλλοτε
375 1305 417 1352 δ’
439 1302 496 1352 αὖ
515 1307 725 1366 πέτρῃσιν
745 1310 793 1353 ἐν
813 1304 1054 1365 ἠλιβάτοισι
1076 1310 1272 1364 διοιχνεῖ,
1496 1320 1535 1353 10

201 1373 444 1433 ἀκροτάτην
463 1375 665 1434 κορυφὴν
685 1375 963 1434 μηλόσκοπον
984 1380 1320 1432 εἰσαναβαίνων.

200 1444 383 1489 πολλάκι
404 1443 448 1488 δ’
469 1442 729 1501 ἀργινόεντα
750 1446 985 1501 διέδραμεν
1005 1442 1138 1500 οὔρεα
1157 1443 1315 1500 μακρὰ,

200 1512 382 1557 πολλάκι
405 1510 446 1557 δ’
469 1516 516 1557 ἐν
535 1523 737 1570 κνημοῖσι
758 1512 937 1569 διήλασε
956 1515 1098 1569 θῆρας
1119 1515 1322 1567 ἐναίρων,

200 1578 297 1634 όξέα
319 1580 599 1638 δερκόμενος·
627 1581 722 1625 τότε
743 1579 786 1625 δ’
809 1583 988 1636 ἕσπερος
1009 1586 1193 1637 ἔκλαγεν
1212 1579 1300 1631 οἷος

200 1647 334 1706 ἄγρης
355 1648 560 1703 ἐξανιών,
591 1649 792 1694 δονάκων
815 1647 898 1693 ὕπο
921 1651 1092 1706 μοῦσαν
1110 1646 1295 1704 ἀθύρων
1493 1659 1531 1691 15

202 1715 388 1774 ἥδυμον·
417 1714 496 1761 οὐκ
516 1714 572 1761 o'c'v
593 1717 669 1761 τόν
688 1735 736 1773 γε
757 1716 1035 1773 παραδράμοι
1056 1719 1104 1760 ἐν
1123 1717 1349 1773 μελέεσσιν

199 1783 338 1841 ὅρνις,
372 1783 437 1841 ἤτ’
459 1789 584 1842 ἔαρος
604 1786 880 1836 πολυανθέος
901 1787 949 1829 ἐν
967 1783 1191 1828 πετάλοισι

201 1856 368 1909 θρῆνον
387 1855 704 1910 ἐπιπροχέουσα
724 1856 780 1897 ἵει
799 1858 1040 1909 μελίγηρυν
1058 1850 1223 1908 άοιδήν.

199 1921 280 1964 σὺν
302 1922 353 1965 δέ
369 1936 476 1978 σφιν
495 1921 591 1966 τότε
613 1921 800 1978 Νύμφαι
820 1919 1071 1976 ὀρεστιάδες
1090 1918 1348 1976 λιγύμολποι

200 1991 412 2045 φοιτῶσαι
433 1988 578 2034 πυκνὰ
598 1990 755 2034 ποσσὶν
776 1990 846 2033 ἐπὶ
865 1989 1003 2045 κρήνῃ
1023 1986 1284 2046 μελανύδρῳ
1485 1997 1529 2030 20

197 2059 434 2113 μέλπονται
448 2070 458 2079 ·
486 2057 687 2115 κορυφὴν
711 2057 757 2101 δὲ
778 2059 1022 2111 περιστένει
1041 2054 1193 2112 οὔρεος
1211 2053 1320 2112 ἠχώ·

198 2128 367 2182 δαίμων
389 2122 431 2169 δ’
453 2129 563 2169 ἔνθα
584 2127 655 2169 καὶ
677 2130 787 2170 ἔνθα
806 2127 962 2181 χορῶν,
984 2123 1078 2168 τότε
1105 2121 1147 2168 δ’
1169 2125 1211 2174 ἐς
1229 2123 1363 2179 μέσον
1381 2123 1526 2177 ἕρπων

196 2192 341 2237 πυκνὰ
364 2194 494 2236 ποσὶν
516 2195 678 2247 διέπει,
708 2199 862 2248 λαῖφος
884 2191 927 2236 δ’
949 2192 1019 2236 ἐπὶ
1040 2194 1155 2235 νῶτα
1177 2188 1392 2246 δαφοινὸν

198 2349 314 2373 xvm.
343 2330 477 2383 Χαῖρ’,
499 2333 620 2386 Ἑρμῆ
640 2335 855 2386 χαριδῶτα.
887 2335 1084 2383 διάκτορε,
1112 2333 1232 2381 δῶτορ
1255 2330 1367 2375 ἑάων.
1486 2339 1525 2372 12
