<?xml version="1.0" encoding="UTF-8"?>
<!DOCTYPE html PUBLIC "-//W3C//DTD XHTML 1.0 Transitional//EN"
    "http://www.w3.org/TR/xhtml1/DTD/xhtml1-transitional.dtd">
<html xmlns="http://www.w3.org/1999/xhtml" xml:lang="en" lang="en">
 <head>
  <title>
</title>
<meta http-equiv="Content-Type" content="text/html;charset=utf-8" />
  <meta name='ocr-system' content='tesseract 3.04.00' />
  <meta name='ocr-capabilities' content='ocr_page ocr_carea ocr_par ocr_line ocrx_word'/>
</head>
<body>
  <div class='ocr_page' id='page_1' title='image "./hymnihomericiacc00homeuoft_0087.png"; bbox 0 0 1619 2556; ppageno 0'>
   <div class='ocr_carea' id='block_1_1' title="bbox 204 80 1440 129">
    <p class='ocr_par' dir='ltr' id='par_1_1' title="bbox 204 80 1440 129">
     <span class='ocr_line' id='line_1_1' title="bbox 204 80 1440 129; baseline -0.006 -1"><span class='ocrx_word' id='word_1_1' title='bbox 204 97 247 128; x_wconf 83' lang='lat' dir='ltr'><strong><em>x.</em></strong></span> <span class='ocrx_word' id='word_1_2' title='bbox 275 96 356 129; x_wconf 99' lang='grc' dir='ltr'><strong><em>ΕΙΣ</em></strong></span> <span class='ocrx_word' id='word_1_3' title='bbox 378 94 552 129; x_wconf 73' lang='grc' dir='ltr'><strong>ΑΦΡΟΔ.</strong></span> <span class='ocrx_word' id='word_1_4' title='bbox 596 95 659 128; x_wconf 75' lang='grc' dir='ltr'><strong><em>ΧΙ.</em></strong></span> <span class='ocrx_word' id='word_1_5' title='bbox 686 95 767 128; x_wconf 90' lang='grc' dir='ltr'><strong><em>ΕΙΣ</em></strong></span> <span class='ocrx_word' id='word_1_6' title='bbox 790 93 937 127; x_wconf 66' lang='grc' dir='ltr'><strong>ΑΘΗΝ.</strong></span> <span class='ocrx_word' id='word_1_7' title='bbox 981 94 1064 126; x_wconf 82' lang='lat' dir='ltr'><strong><em>xn.</em></strong></span> <span class='ocrx_word' id='word_1_8' title='bbox 1090 93 1170 125; x_wconf 89' lang='grc' dir='ltr'><strong><em>ΕΙΣ</em></strong></span> <span class='ocrx_word' id='word_1_9' title='bbox 1197 92 1338 124; x_wconf 59' lang='lat' dir='ltr'><strong><em>Ham.</em></strong></span> <span class='ocrx_word' id='word_1_10' title='bbox 1389 80 1440 119; x_wconf 83' lang='lat'><strong><em>69</em></strong></span> 
     </span>
    </p>
   </div>
   <div class='ocr_carea' id='block_1_2' title="bbox 569 214 971 338">
    <p class='ocr_par' dir='ltr' id='par_1_2' title="bbox 569 214 971 338">
     <span class='ocr_line' id='line_1_2' title="bbox 745 214 800 255; baseline -0.018 0"><span class='ocrx_word' id='word_1_11' title='bbox 745 214 800 255; x_wconf 90' lang='lat' dir='ltr'><strong><em>X.</em></strong></span> 
     </span>
     <span class='ocr_line' id='line_1_3' title="bbox 569 305 971 338; baseline -0.005 0"><span class='ocrx_word' id='word_1_12' title='bbox 569 305 649 338; x_wconf 89' lang='grc' dir='ltr'><strong><em>ΕΙΣ</em></strong></span> <span class='ocrx_word' id='word_1_13' title='bbox 675 305 971 338; x_wconf 78' lang='grc' dir='ltr'><strong>ΑΦΡΟΔΙΤΗΝ,</strong></span> 
     </span>
    </p>
   </div>
   <div class='ocr_carea' id='block_1_3' title="bbox 112 397 1442 795">
    <p class='ocr_par' dir='ltr' id='par_1_3' title="bbox 112 397 1307 592">
     <span class='ocr_line' id='line_1_4' title="bbox 212 397 1307 457; baseline -0.002 -13"><span class='ocrx_word' id='word_1_14' title='bbox 212 403 476 457; x_wconf 82' lang='grc' dir='ltr'><strong><em>Κυπρογενῆ</em></strong></span> <span class='ocrx_word' id='word_1_15' title='bbox 495 402 750 456; x_wconf 79' lang='grc' dir='ltr'><strong><em>Κυθέρειαν</em></strong></span> <span class='ocrx_word' id='word_1_16' title='bbox 770 397 991 455; x_wconf 77' lang='grc' dir='ltr'><strong><em>ἀείσομαι,</em></strong></span> <span class='ocrx_word' id='word_1_17' title='bbox 1018 397 1092 455; x_wconf 79' lang='grc' dir='ltr'><strong><em>ἥτε</em></strong></span> <span class='ocrx_word' id='word_1_18' title='bbox 1112 404 1307 455; x_wconf 75' lang='grc' dir='ltr'><em>βροτοῖσι</em></span> 
     </span>
     <span class='ocr_line' id='line_1_5' title="bbox 112 465 1240 526; baseline -0.004 -13"><span class='ocrx_word' id='word_1_19' title='bbox 112 474 280 526; x_wconf 81' lang='grc' dir='ltr'><strong><em>μείλιχα</em></strong></span> <span class='ocrx_word' id='word_1_20' title='bbox 301 471 418 524; x_wconf 77' lang='grc' dir='ltr'><strong><em>δῶρα</em></strong></span> <span class='ocrx_word' id='word_1_21' title='bbox 440 471 644 524; x_wconf 87' lang='grc' dir='ltr'><strong><em>δίδωσιν,</em></strong></span> <span class='ocrx_word' id='word_1_22' title='bbox 674 465 747 524; x_wconf 78' lang='grc' dir='ltr'><strong><em>ἐφ’</em></strong></span> <span class='ocrx_word' id='word_1_23' title='bbox 770 469 930 525; x_wconf 72' lang='grc' dir='ltr'><strong><em>ἱμερτῷ</em></strong></span> <span class='ocrx_word' id='word_1_24' title='bbox 954 467 1001 510; x_wconf 77' lang='grc' dir='ltr'><strong><em>δὲ</em></strong></span> <span class='ocrx_word' id='word_1_25' title='bbox 1021 466 1240 525; x_wconf 79' lang='grc' dir='ltr'><strong><em>προσώπῳ</em></strong></span> 
     </span>
     <span class='ocr_line' id='line_1_6' title="bbox 112 531 1095 592; baseline -0.002 -13"><span class='ocrx_word' id='word_1_26' title='bbox 112 538 198 580; x_wconf 82' lang='grc' dir='ltr'><strong><em>αἰεὶ</em></strong></span> <span class='ocrx_word' id='word_1_27' title='bbox 217 535 402 592; x_wconf 81' lang='grc' dir='ltr'><em>μειδιάει</em></span> <span class='ocrx_word' id='word_1_28' title='bbox 423 537 495 580; x_wconf 85' lang='grc' dir='ltr'><strong><em>καὶ</em></strong></span> <span class='ocrx_word' id='word_1_29' title='bbox 515 533 586 591; x_wconf 82' lang='grc' dir='ltr'><strong><em>ἐφ’</em></strong></span> <span class='ocrx_word' id='word_1_30' title='bbox 609 534 784 592; x_wconf 79' lang='grc' dir='ltr'><strong><em>ἱμερτὸν</em></strong></span> <span class='ocrx_word' id='word_1_31' title='bbox 802 537 927 591; x_wconf 82' lang='grc' dir='ltr'><strong><em>φέρει</em></strong></span> <span class='ocrx_word' id='word_1_32' title='bbox 947 531 1095 585; x_wconf 74' lang='grc' dir='ltr'><strong><em>ἄνθος.</em></strong></span> 
     </span>
    </p>

    <p class='ocr_par' dir='ltr' id='par_1_4' title="bbox 112 602 1442 795">
     <span class='ocr_line' id='line_1_7' title="bbox 212 602 1298 660; baseline -0.002 -13"><span class='ocrx_word' id='word_1_33' title='bbox 212 608 372 658; x_wconf 81' lang='grc' dir='ltr'><strong><em>Χαῖρε,</em></strong></span> <span class='ocrx_word' id='word_1_34' title='bbox 400 602 508 653; x_wconf 78' lang='grc' dir='ltr'><strong><em>θεὰ,</em></strong></span> <span class='ocrx_word' id='word_1_35' title='bbox 537 609 789 660; x_wconf 79' lang='grc' dir='ltr'><strong><em>Σαλαμῖνος</em></strong></span> <span class='ocrx_word' id='word_1_36' title='bbox 810 604 1063 658; x_wconf 80' lang='grc' dir='ltr'><strong><em>ἐϋκτιμένης</em></strong></span> <span class='ocrx_word' id='word_1_37' title='bbox 1082 603 1298 658; x_wconf 81' lang='grc' dir='ltr'><strong><em>μεδέουσα</em></strong></span> 
     </span>
     <span class='ocr_line' id='line_1_8' title="bbox 112 667 1442 728; baseline -0.002 -14"><span class='ocrx_word' id='word_1_38' title='bbox 112 672 182 715; x_wconf 84' lang='grc' dir='ltr'><strong><em>καὶ</em></strong></span> <span class='ocrx_word' id='word_1_39' title='bbox 204 670 342 727; x_wconf 82' lang='grc' dir='ltr'><strong><em>πάσης</em></strong></span> <span class='ocrx_word' id='word_1_40' title='bbox 362 670 568 728; x_wconf 84' lang='grc' dir='ltr'><strong><em>Κύπρου·</em></strong></span> <span class='ocrx_word' id='word_1_41' title='bbox 598 670 671 723; x_wconf 81' lang='grc' dir='ltr'><strong><em>δὸς</em></strong></span> <span class='ocrx_word' id='word_1_42' title='bbox 692 669 735 715; x_wconf 82' lang='grc' dir='ltr'><strong><em>δ’</em></strong></span> <span class='ocrx_word' id='word_1_43' title='bbox 756 670 1013 728; x_wconf 75' lang='grc' dir='ltr'><strong><em>ἱμερόεσσαν</em></strong></span> <span class='ocrx_word' id='word_1_44' title='bbox 1032 667 1196 726; x_wconf 87' lang='grc' dir='ltr'><strong><em>άοιδήν.</em></strong></span> <span class='ocrx_word' id='word_1_45' title='bbox 1420 679 1442 711; x_wconf 81' lang='lat'>5</span> 
     </span>
     <span class='ocr_line' id='line_1_9' title="bbox 113 735 1188 795; baseline -0.002 -13"><span class='ocrx_word' id='word_1_46' title='bbox 113 736 251 794; x_wconf 82' lang='grc' dir='ltr'><strong><em>αὐτὰρ</em></strong></span> <span class='ocrx_word' id='word_1_47' title='bbox 271 737 353 795; x_wconf 78' lang='grc' dir='ltr'><strong><em>ἐγώ</em></strong></span> <span class='ocrx_word' id='word_1_48' title='bbox 375 740 446 782; x_wconf 85' lang='grc' dir='ltr'><strong><em>καὶ</em></strong></span> <span class='ocrx_word' id='word_1_49' title='bbox 466 749 557 782; x_wconf 80' lang='grc' dir='ltr'><strong><em>σεῖο</em></strong></span> <span class='ocrx_word' id='word_1_50' title='bbox 577 741 649 782; x_wconf 84' lang='grc' dir='ltr'><strong><em>καὶ</em></strong></span> <span class='ocrx_word' id='word_1_51' title='bbox 669 737 800 795; x_wconf 75' lang='grc' dir='ltr'><strong><em>ἄλλης</em></strong></span> <span class='ocrx_word' id='word_1_52' title='bbox 819 735 1007 795; x_wconf 81' lang='grc' dir='ltr'><strong><em>μνήσομ’</em></strong></span> <span class='ocrx_word' id='word_1_53' title='bbox 1028 735 1188 794; x_wconf 80' lang='grc' dir='ltr'><strong><em>άοιδῆς.</em></strong></span> 
     </span>
    </p>
   </div>
   <div class='ocr_carea' id='block_1_4' title="bbox 667 860 906 864">
    <p class='ocr_par' dir='ltr' id='par_1_5' title="bbox 667 860 906 864">
     <span class='ocr_line' id='line_1_10' title="bbox 667 860 906 864; baseline 0 0"><span class='ocrx_word' id='word_1_54' title='bbox 667 860 906 864; x_wconf 95' lang='lat' dir='ltr'><strong><em> </em></strong></span> 
     </span>
    </p>
   </div>
   <div class='ocr_carea' id='block_1_5' title="bbox 586 946 963 1070">
    <p class='ocr_par' dir='ltr' id='par_1_6' title="bbox 586 946 963 1070">
     <span class='ocr_line' id='line_1_11' title="bbox 732 946 813 987; baseline -0.012 0"><span class='ocrx_word' id='word_1_55' title='bbox 732 946 813 987; x_wconf 88' lang='grc' dir='ltr'><strong><em>ΧΙ.</em></strong></span> 
     </span>
     <span class='ocr_line' id='line_1_12' title="bbox 586 1036 963 1070; baseline 0 -1"><span class='ocrx_word' id='word_1_56' title='bbox 586 1038 680 1070; x_wconf 86' lang='grc' dir='ltr'><strong><em>ΕΙΣ</em></strong></span> <span class='ocrx_word' id='word_1_57' title='bbox 717 1036 963 1070; x_wconf 77' lang='grc' dir='ltr'><strong>ΑΘΗΝΑΝ.</strong></span> 
     </span>
    </p>
   </div>
   <div class='ocr_carea' id='block_1_6' title="bbox 113 1129 1441 1460">
    <p class='ocr_par' dir='ltr' id='par_1_7' title="bbox 113 1129 1349 1392">
     <span class='ocr_line' id='line_1_13' title="bbox 213 1129 1349 1189; baseline -0.001 -13"><span class='ocrx_word' id='word_1_58' title='bbox 213 1131 413 1176; x_wconf 82' lang='grc' dir='ltr'><strong><em>Παλλάδ’</em></strong></span> <span class='ocrx_word' id='word_1_59' title='bbox 442 1131 680 1189; x_wconf 82' lang='grc' dir='ltr'><strong><em>Ἀθηναίην</em></strong></span> <span class='ocrx_word' id='word_1_60' title='bbox 699 1134 977 1189; x_wconf 85' lang='grc' dir='ltr'><strong><em>ἐρυσίπτολιν</em></strong></span> <span class='ocrx_word' id='word_1_61' title='bbox 996 1129 1149 1189; x_wconf 77' lang='grc' dir='ltr'><strong><em>ἄρχομ’</em></strong></span> <span class='ocrx_word' id='word_1_62' title='bbox 1170 1129 1349 1186; x_wconf 83' lang='grc' dir='ltr'><strong><em>άείδειν,</em></strong></span> 
     </span>
     <span class='ocr_line' id='line_1_14' title="bbox 115 1194 1076 1257; baseline -0.001 -13"><span class='ocrx_word' id='word_1_63' title='bbox 115 1199 286 1257; x_wconf 87' lang='grc' dir='ltr'><strong><em>δεινὴν,</em></strong></span> <span class='ocrx_word' id='word_1_64' title='bbox 316 1194 345 1257; x_wconf 81' lang='grc' dir='ltr'><em>ᾗ</em></span> <span class='ocrx_word' id='word_1_65' title='bbox 363 1199 580 1257; x_wconf 81' lang='grc' dir='ltr'><strong><em>σὺν’Ἀρηι</em></strong></span> <span class='ocrx_word' id='word_1_66' title='bbox 600 1202 720 1256; x_wconf 83' lang='grc' dir='ltr'><strong><em>μέλει</em></strong></span> <span class='ocrx_word' id='word_1_67' title='bbox 739 1199 951 1256; x_wconf 86' lang='grc' dir='ltr'><strong><em>πολεμήια</em></strong></span> <span class='ocrx_word' id='word_1_68' title='bbox 971 1205 1076 1256; x_wconf 81' lang='grc' dir='ltr'><strong><em>ἔργα</em></strong></span> 
     </span>
     <span class='ocr_line' id='line_1_15' title="bbox 113 1266 1117 1325; baseline -0.002 -13"><span class='ocrx_word' id='word_1_69' title='bbox 113 1267 388 1325; x_wconf 79' lang='grc' dir='ltr'><strong><em>περθόμεναί</em></strong></span> <span class='ocrx_word' id='word_1_70' title='bbox 401 1286 447 1312; x_wconf 82' lang='grc' dir='ltr'><strong><em>τε</em></strong></span> <span class='ocrx_word' id='word_1_71' title='bbox 467 1267 624 1324; x_wconf 82' lang='grc' dir='ltr'><strong><em>πόληες</em></strong></span> <span class='ocrx_word' id='word_1_72' title='bbox 643 1266 753 1324; x_wconf 82' lang='grc' dir='ltr'><strong><em>άῦτή</em></strong></span> <span class='ocrx_word' id='word_1_73' title='bbox 772 1286 817 1312; x_wconf 88' lang='grc' dir='ltr'><strong><em>τε</em></strong></span> <span class='ocrx_word' id='word_1_74' title='bbox 836 1266 1044 1324; x_wconf 91' lang='grc' dir='ltr'><strong><em>πτόλεμοί</em></strong></span> <span class='ocrx_word' id='word_1_75' title='bbox 1058 1284 1117 1322; x_wconf 87' lang='grc' dir='ltr'><strong><em>τε,</em></strong></span> 
     </span>
     <span class='ocr_line' id='line_1_16' title="bbox 114 1334 1151 1392; baseline -0.002 -12"><span class='ocrx_word' id='word_1_76' title='bbox 114 1342 190 1380; x_wconf 87' lang='grc' dir='ltr'><strong><em>καί</em></strong></span> <span class='ocrx_word' id='word_1_77' title='bbox 205 1334 246 1380; x_wconf 83' lang='grc' dir='ltr'><strong><em>τ’</em></strong></span> <span class='ocrx_word' id='word_1_78' title='bbox 268 1335 477 1392; x_wconf 82' lang='grc' dir='ltr'><strong><em>ἐρρύσατο</em></strong></span> <span class='ocrx_word' id='word_1_79' title='bbox 494 1334 603 1380; x_wconf 83' lang='grc' dir='ltr'><strong><em>Ιλαὸν</em></strong></span> <span class='ocrx_word' id='word_1_80' title='bbox 623 1334 743 1379; x_wconf 80' lang='grc' dir='ltr'><strong><em>ἰόντα</em></strong></span> <span class='ocrx_word' id='word_1_81' title='bbox 762 1354 807 1379; x_wconf 91' lang='grc' dir='ltr'><strong><em>τε</em></strong></span> <span class='ocrx_word' id='word_1_82' title='bbox 826 1335 1086 1392; x_wconf 88' lang='grc' dir='ltr'><strong><em>νισσόμενόν</em></strong></span> <span class='ocrx_word' id='word_1_83' title='bbox 1105 1352 1151 1379; x_wconf 91' lang='grc' dir='ltr'><strong><em>τε</em></strong></span> 
     </span>
    </p>

    <p class='ocr_par' dir='ltr' id='par_1_8' title="bbox 217 1401 1441 1460">
     <span class='ocr_line' id='line_1_17' title="bbox 217 1401 1441 1460; baseline -0.001 -12"><span class='ocrx_word' id='word_1_84' title='bbox 217 1409 371 1459; x_wconf 81' lang='grc' dir='ltr'><strong><em>Χαῖρε,</em></strong></span> <span class='ocrx_word' id='word_1_85' title='bbox 398 1402 504 1453; x_wconf 81' lang='grc' dir='ltr'><strong><em>θεὰ,</em></strong></span> <span class='ocrx_word' id='word_1_86' title='bbox 536 1401 609 1454; x_wconf 83' lang='grc' dir='ltr'><strong><em>δὸς</em></strong></span> <span class='ocrx_word' id='word_1_87' title='bbox 632 1401 673 1446; x_wconf 86' lang='grc' dir='ltr'><strong><em>δ’</em></strong></span> <span class='ocrx_word' id='word_1_88' title='bbox 696 1401 802 1460; x_wconf 74' lang='grc' dir='ltr'><strong><em>ἄμμι</em></strong></span> <span class='ocrx_word' id='word_1_89' title='bbox 822 1403 957 1459; x_wconf 85' lang='grc' dir='ltr'><strong><em>τύχην</em></strong></span> <span class='ocrx_word' id='word_1_90' title='bbox 979 1401 1264 1460; x_wconf 86' lang='grc' dir='ltr'><strong><em>εὐδαιμονίην</em></strong></span> <span class='ocrx_word' id='word_1_91' title='bbox 1282 1421 1339 1447; x_wconf 91' lang='grc' dir='ltr'><strong><em>τε.</em></strong></span> <span class='ocrx_word' id='word_1_92' title='bbox 1420 1413 1441 1447; x_wconf 84' lang='lat'>5</span> 
     </span>
    </p>
   </div>
   <div class='ocr_carea' id='block_1_7' title="bbox 643 1524 906 1528">
    <p class='ocr_par' dir='ltr' id='par_1_9' title="bbox 643 1524 906 1528">
     <span class='ocr_line' id='line_1_18' title="bbox 643 1524 906 1528; baseline 0 0"><span class='ocrx_word' id='word_1_93' title='bbox 643 1524 906 1528; x_wconf 95' lang='lat' dir='ltr'><strong><em> </em></strong></span> 
     </span>
    </p>
   </div>
   <div class='ocr_carea' id='block_1_8' title="bbox 608 1610 940 1734">
    <p class='ocr_par' dir='ltr' id='par_1_10' title="bbox 608 1610 940 1734">
     <span class='ocr_line' id='line_1_19' title="bbox 722 1610 826 1651; baseline 0.019 -2"><span class='ocrx_word' id='word_1_94' title='bbox 722 1610 826 1651; x_wconf 79' lang='lat' dir='ltr'><strong>XII.</strong></span> 
     </span>
     <span class='ocr_line' id='line_1_20' title="bbox 608 1702 940 1734; baseline 0 -1"><span class='ocrx_word' id='word_1_95' title='bbox 608 1702 711 1734; x_wconf 90' lang='grc' dir='ltr'><strong><em>ΕΙΣ</em></strong></span> <span class='ocrx_word' id='word_1_96' title='bbox 758 1702 940 1734; x_wconf 82' lang='grc' dir='ltr'><strong>ΙΙΡΑΝ.</strong></span> 
     </span>
    </p>
   </div>
   <div class='ocr_carea' id='block_1_9' title="bbox 113 1791 1437 2125">
    <p class='ocr_par' dir='ltr' id='par_1_11' title="bbox 113 1791 1437 2125">
     <span class='ocr_line' id='line_1_21' title="bbox 203 1791 1172 1851; baseline 0.001 -13"><span class='ocrx_word' id='word_1_97' title='bbox 203 1792 344 1851; x_wconf 66' lang='grc' dir='ltr'><strong><em>’Ἠρην</em></strong></span> <span class='ocrx_word' id='word_1_98' title='bbox 363 1791 494 1839; x_wconf 84' lang='grc' dir='ltr'><strong><em>άείδω</em></strong></span> <span class='ocrx_word' id='word_1_99' title='bbox 514 1795 838 1851; x_wconf 75' lang='grc' dir='ltr'><strong><em>χρυσόθρονον,</em></strong></span> <span class='ocrx_word' id='word_1_100' title='bbox 868 1793 922 1851; x_wconf 80' lang='grc' dir='ltr'><strong><em>ἣν</em></strong></span> <span class='ocrx_word' id='word_1_101' title='bbox 942 1797 1035 1839; x_wconf 81' lang='grc' dir='ltr'><strong><em>τέκε</em></strong></span> <span class='ocrx_word' id='word_1_102' title='bbox 1049 1793 1172 1851; x_wconf 86' lang='grc' dir='ltr'><strong><em>Ῥείη,</em></strong></span> 
     </span>
     <span class='ocr_line' id='line_1_22' title="bbox 113 1859 1236 1919; baseline 0.001 -14"><span class='ocrx_word' id='word_1_103' title='bbox 113 1859 350 1906; x_wconf 73' lang='grc' dir='ltr'><strong><em>ἀθανάτων</em></strong></span> <span class='ocrx_word' id='word_1_104' title='bbox 369 1867 616 1918; x_wconf 88' lang='grc' dir='ltr'><strong><em>βασίλειαν,</em></strong></span> <span class='ocrx_word' id='word_1_105' title='bbox 645 1861 879 1919; x_wconf 81' lang='grc' dir='ltr'><strong><em>ὑπείροχον</em></strong></span> <span class='ocrx_word' id='word_1_106' title='bbox 900 1863 1013 1913; x_wconf 83' lang='grc' dir='ltr'><strong><em>εἶδος</em></strong></span> <span class='ocrx_word' id='word_1_107' title='bbox 1038 1868 1236 1918; x_wconf 80' lang='grc' dir='ltr'><strong><em>ἔχουσαν,</em></strong></span> 
     </span>
     <span class='ocr_line' id='line_1_23' title="bbox 114 1929 1092 1988; baseline 0.002 -16"><span class='ocrx_word' id='word_1_108' title='bbox 114 1929 252 1985; x_wconf 83' lang='grc' dir='ltr'><strong><em>Ζηνὸς</em></strong></span> <span class='ocrx_word' id='word_1_109' title='bbox 273 1929 550 1986; x_wconf 82' lang='grc' dir='ltr'><strong><em>ἐριγδούποιο</em></strong></span> <span class='ocrx_word' id='word_1_110' title='bbox 570 1931 837 1988; x_wconf 78' lang='grc' dir='ltr'><strong><em>κασιγνήτην</em></strong></span> <span class='ocrx_word' id='word_1_111' title='bbox 856 1929 1013 1986; x_wconf 73' lang='grc' dir='ltr'><strong><em>ἄλοχόν</em></strong></span> <span class='ocrx_word' id='word_1_112' title='bbox 1031 1948 1092 1984; x_wconf 88' lang='grc' dir='ltr'><strong><em>τε,</em></strong></span> 
     </span>
     <span class='ocr_line' id='line_1_24' title="bbox 114 1995 1312 2055; baseline 0.001 -15"><span class='ocrx_word' id='word_1_113' title='bbox 114 1996 300 2053; x_wconf 84' lang='grc' dir='ltr'><strong><em>κυδρὴν,</em></strong></span> <span class='ocrx_word' id='word_1_114' title='bbox 327 1995 382 2054; x_wconf 87' lang='grc' dir='ltr'><strong><em>ἣν</em></strong></span> <span class='ocrx_word' id='word_1_115' title='bbox 401 1997 559 2048; x_wconf 79' lang='grc' dir='ltr'><strong><em>πάντες</em></strong></span> <span class='ocrx_word' id='word_1_116' title='bbox 577 1997 766 2055; x_wconf 78' lang='grc' dir='ltr'><strong><em>μάκαρες</em></strong></span> <span class='ocrx_word' id='word_1_117' title='bbox 784 1997 891 2042; x_wconf 78' lang='grc' dir='ltr'><strong><em>κατὰ</em></strong></span> <span class='ocrx_word' id='word_1_118' title='bbox 911 1996 1312 2054; x_wconf 84' lang='grc' dir='ltr'><strong><em>μακρὸνὌλυμπον</em></strong></span> 
     </span>
     <span class='ocr_line' id='line_1_25' title="bbox 114 2061 1437 2125; baseline 0.003 -18"><span class='ocrx_word' id='word_1_119' title='bbox 114 2061 309 2121; x_wconf 81' lang='grc' dir='ltr'><strong><em>ἁζόμενοι</em></strong></span> <span class='ocrx_word' id='word_1_120' title='bbox 328 2070 497 2109; x_wconf 89' lang='grc' dir='ltr'><strong><em>τίουσιν</em></strong></span> <span class='ocrx_word' id='word_1_121' title='bbox 515 2062 628 2122; x_wconf 75' lang='grc' dir='ltr'><strong><em>ὁμῶς</em></strong></span> <span class='ocrx_word' id='word_1_122' title='bbox 644 2067 720 2110; x_wconf 86' lang='grc' dir='ltr'><strong><em>Διὶ</em></strong></span> <span class='ocrx_word' id='word_1_123' title='bbox 738 2065 1078 2125; x_wconf 79' lang='grc' dir='ltr'><strong><em>τερπικεραύνῳ.</em></strong></span> <span class='ocrx_word' id='word_1_124' title='bbox 1418 2076 1437 2107; x_wconf 84' lang='grc'>5</span> 
     </span>
    </p>
   </div>
   <div class='ocr_carea' id='block_1_10' title="bbox 686 2187 904 2191">
    <p class='ocr_par' dir='ltr' id='par_1_12' title="bbox 686 2187 904 2191">
     <span class='ocr_line' id='line_1_26' title="bbox 686 2187 904 2191; baseline 0 0"><span class='ocrx_word' id='word_1_125' title='bbox 686 2187 904 2191; x_wconf 95' lang='lat' dir='ltr'><strong><em> </em></strong></span> 
     </span>
    </p>
   </div>
  </div>
 </body>
</html>
