1619 2556
536 94 578 126 v.
611 94 692 126 ΕΙΣ
716 92 996 126 AHMHTPAN.
1380 80 1430 120 55

105 204 313 257 ἔδραμον·
348 195 375 256 ’ἦ
397 196 440 242 δ’
461 195 534 255 ἄρ’
555 195 626 242 ἐπ’
647 196 779 242 οὐδὸν
801 202 878 255 ἔβη
897 198 1020 251 ποσὶ,
1042 202 1117 242 καί
1133 199 1188 253 ῥα
1208 195 1432 253 μελάθρου

103 272 208 323 κῦρε
228 267 362 324 κάρη,
390 269 555 323 πλῆσεν
577 265 624 310 δὲ
643 265 785 322 θύρας
806 267 959 317 σέλαος
975 269 1130 310 θείοιο.

104 334 181 394 τὴν
202 333 246 379 δ’
267 333 399 385 αἰδώς
417 352 463 378 τε
483 338 612 390 σέβας
632 352 677 378 τε
699 334 764 378 ἰδὲ
784 331 954 391 χλωρὸν
975 334 1070 384 δέος
1091 329 1229 377 εἷλεν”
1370 342 1432 376 190

103 403 186 456 εἶξε
208 405 258 448 δέ
274 406 319 448 οἱ
333 408 530 459 κλισμοῖο
552 403 624 446 καὶ
644 401 906 456 ἑδριάασθαι
927 399 1110 458 ἄνωγεν.

102 469 200 515 ἀλλ’
221 468 273 515 ού
294 469 502 528 Δημήτηρ
524 467 750 526 ὡρηφόρος
770 468 1050 527 ἀγλαόδωρος

105 537 263 595 ἤθελεν
286 539 547 595 ἑδριάασθαι.
569 540 638 582 ἐπὶ.
659 544 855 594 κλισμοῖο
877 539 1076 594 φαεινοῦ.

60 640 62 643 -
102 605 197 651 ἀλλ’
218 604 406 652 άκέουσα
427 611 601 662 ἔμιμνε,
633 605 731 650 κατ’
752 604 922 663 ὄμματα
942 604 1050 650 καλὰ
1069 608 1279 661 βαλοῦσα,

102 681 206 730 πρίν
224 673 270 731 γ’
291 673 362 720 ὅτε
382 674 434 731 δή
454 677 500 718 οἰ
514 679 676 730 ἔθηκεν
693 672 839 731 Ἰάμβη
860 671 982 719 κέδν’
1005 676 1148 719 εἰδυῖα
1371 683 1433 717 195

103 742 268 800 πηκτὸν
287 746 384 795 ἕδος
399 778 409 798 ,
440 741 702 799 καθύπερθε
727 741 769 786 δ
792 739 864 786 ἐπ’
886 740 1110 799 ἀργύφεον
1129 740 1234 796 βάλε
1255 743 1379 791 κῶας.

103 816 213 856 ἔνθα
234 812 502 869 καθεζομένη
521 812 836 867 προκατέσχετο
856 812 976 866 χερσὶ
996 808 1270 865 καλύπτρην“

104 878 239 936 δηρον
261 877 302 924 δ’
302 878 551 962 άφθογγος
569 881 797 936 τετιημένη
817 876 913 935 ἡστ
935 880 1005 923 έπι
1027 881 1201 934 δίφρου

103 945 210 992 οὐδέ
225 945 311 992 τιν’
332 946 429 992 οὔτ’
451 952 550 992 επει·
565 947 891 1001 προσπτύσσετο
912 945 1012 990 ούτε
1031 965 1071 989 τι
1092 951 1220 1004 ἔργω,

103 1013 202 1060 ἀλλ’
222 1014 477 1073 άγέλαστος
508 1013 698 1066 ἄπαστος
721 1014 900 1071 ἐδητύος
918 1012 995 1071 ήδὲ
1016 1017 1211 1070 ποτῆτος,
1367 1024 1434 1056 200
1499 1017 1502 1020 ’

106 1077 228 1140 ἧστο,
258 1083 385 1143 πόθῳ
406 1081 657 1141 μινύθουσα
677 1081 952 1139 βαθυζωνοιο
970 1080 1207 1138 θυγατρὸς,

103 1157 207 1208 πρίν
222 1150 267 1208 γ’
287 1150 357 1196 ὅτε
380 1150 433 1209 δὴ
452 1150 608 1209 χλεύῃς
619 1170 704 1233 ‚mv
719 1149 865 1208 Ἰάμβη
885 1147 1008 1195 κέδν’
1031 1153 1175 1195 εἰδυῖα

103 1219 240 1264 πολλὰ
259 1218 628 1276 παρασκώπτουσ’
651 1221 858 1276 ἐτρέψατο
878 1218 1087 1270 πότνιαν
1117 1215 1270 1275 αγνὴν,

101 1291 302 1345 μειδῆσαι
321 1287 499 1345 γελάσαι
520 1306 566 1331 τε
589 1307 661 1332 και
680 1292 805 1332 ι’λαον
824 1297 946 1343 σχεῖν
964 1285 1133 1342 θυμόν·

103 1354 128 1413 ἣ
149 1355 202 1412 δή
220 1359 266 1401 οι
279 1357 352 1400 και
371 1361 519 1401 ἔπειτα
537 1355 811 1412 μεθύστερον
833 1352 1031 1400 εύαδεν’
1011 1365 1171 1410 οργαῖς.
1368 1362 1434 1396 ⁸205

103 1427 156 1482 τῇ
177 1424 223 1468 δε
243 1426 377 1476 δέπας
395 1423 651 1479 Μετάνειρα
675 1427 801 1468 δίνδοι
821 1424 1045 1480 μελιηδέος
1066 1429 1190 1467 οἴνου

103 1490 290 1549 πλήσασ’
303 1504 313 1514 ·
341 1489 367 1550 ἡ
388 1489 432 1536 δ’
452 1489 657 1536 άνένευσ’
672 1505 681 1514 ·
708 1490 761 1536 ού
781 1490 863 1548 γὰρ
883 1489 1066 1547 θεμιτόν
1085 1493 1130 1535 οἶ
1145 1495 1305 1546 ἔφασκε
1349 1506 1353 1514 ‘

103 1566 248 1605 πίνειν
266 1560 388 1605 οἶνον
408 1559 622 1617 ἐρυθρόν·
652 1557 795 1616 ἄνωγε
818 1559 860 1603 δ’
882 1557 954 1614 ἄρ’
975 1557 1083 1615 ἄλφι
1102 1559 1174 1602 καὶ
1193 1555 1314 1613 ὕδωρ

105 1631 260 1673 δοῦναι
279 1631 465 1686 μίξασαν
484 1630 638 1686 πιέμεν
656 1627 846 1685 γλήχωνι
866 1632 1049 1684 τερείνῃ.

108 1717 128 1754 η
150 1696 196 1741 δε
214 1715 357 1742 κυκεω
377 1695 562 1750 τεύξασα
581 1700 668 1741 θεα
687 1695 845 1753 πόρεν
876 1693 932 1746 ὡς
953 1696 1146 1739 ἐκέλευε·
1368 1703 1434 1736 210

105 1766 315 1822 δεξαμένη
338 1763 380 1809 δ’
400 1762 519 1845 ὁσιης
539 1767 673 1822 ἐπέβη
692 1762 963 1809 πολυπότνια
982 1761 1102 1819 Δηώ.

103 1835 201 1890 τῇσι
222 1833 268 1878 δε
287 1832 447 1890 μύθων
466 1834 599 1891 ήρχεν
619 1831 802 1888 ἐύζωνος
819 1831 1096 1885 Μετάνειρα·

204 1905 362 1958 Χαῖρε
393 1900 545 1957 γύναι,
575 1902 668 1945 ἐπεὶ
687 1899 741 1945 ού
760 1914 808 1944 σε
827 1918 976 1944 κακων
996 1896 1074 1943 ἄπ’
1096 1903 1229 1942 ἔολπα
1248 1895 1417 1953 τοκήων

104 1974 304 2026 ἔμμεναι,
333 1966 432 2014 ἀλλ’
453 1967 655 2026 άγαθῶν·
686 1971 761 2014 ε’πί
776 1986 840 2012 τοι
861 1969 1015 2023 πρέπει
1035 1965 1225 2024 ὄμμασιν
1245 1963 1378 2015 αἰδώς

104 2039 176 2082 καὶ
195 2036 337 2094 χάρις,
349 2087 354 2090 ,
367 2034 473 2082 ὡσεί
488 2039 568 2093 πέρ
590 2055 636 2081 τε
654 2036 989 2094 θεμιστοπόλων
1008 2033 1243 2092 βασιλήων.
1370 2042 1434 2076 215

103 2103 213 2150 ἄλλα
231 2109 354 2150 θεῶν
373 2105 453 2162 μὲν
473 2108 592 2161 δῶρα
611 2107 684 2149 καὶ
704 2103 944 2161 ἀχνύμενοί
960 2121 1041 2159 περ
1061 2101 1230 2159 οἷνάγκῃ

103 2175 311 2230 τέτλαμεν
330 2172 583 2229 ἅνθρωποι·
613 2175 683 2218 ἐπὶ
701 2172 784 2230 γὰρ
804 2171 929 2229 ζυγὸς
949 2169 1099 2228 αὐχένι
1119 2181 1270 2215 κεῖται.

103 2245 187 2286 νῦν
208 2239 266 2294 δ’,
299 2243 392 2286 ἐπεὶ
410 2244 503 2286 ἵκεο
534 2243 688 2297 δεῦρο,
719 2242 1002 2297 παρέσσεται,
1032 2237 1141 2283 ὅσσα
1161 2235 1202 2282 τ’
1225 2240 1321 2294 ε’μοί
1338 2254 1428 2290 περ.

106 2312 240 2354 παῖδα
260 2311 312 2354 δέ
325 2327 397 2366 μοι
414 2311 547 2365 τρέφε
566 2307 695 2354 τόνδε
707 2345 718 2365 ,
749 2307 828 2352 τὸν
845 2305 1055 2364 ὀψίγονον
1074 2307 1148 2351 καὶ
1166 2304 1355 2350 ἄελπτον
