1619 2556
598 105 694 138 xlx.
724 103 804 136 ΕΙΣ
829 104 975 137 nANA..
1395 94 1446 134 73

124 209 281 267 λυγκὸς
301 215 407 266 ἔχει,
435 213 666 266 λιγυρῇσιν
685 205 975 264 ἀγαλλόμενος
995 209 1135 264 φρένα
1154 214 1353 264 μολπαῖς,

125 280 172 323 ἐν
191 281 371 336 μαλακῷ
389 280 567 333 λειμῶνι
580 312 589 329 ,
618 276 717 320 τόθι
737 275 890 332 κρόκος
909 273 980 332 ἠδ’
1001 272 1212 326 ὑάκινθος
1406 287 1449 320 25

126 344 291 401 εὐώδης
310 346 522 390 θαλέθων
541 348 849 401 καταμίσγεται
869 342 1022 399 ἄκριτα
1043 349 1156 400 ποίῃ.

125 411 338 470 ὑμνεῦσιν
359 412 406 457 δὲ
423 411 557 463 θεοὺς
576 411 772 469 μάκαρας
790 412 862 455 καὶ
887 410 1055 468 μακρὸν
1070 408 1316 468 Ὄλυμπον·

125 478 219 524 οἷόν
237 479 288 525 θ’
303 478 503 537 Ἑρμείην
522 478 740 535 ἐριούνιον
760 483 906 535 ἔξοχον
925 476 1069 522 ἄλλων

127 553 332 602 ἔννεπον,
363 545 419 599 ὡς
437 546 507 604 ὅγ’
528 546 662 591 ἅπασι
682 554 805 598 θεοῖς
823 545 930 597 θοὸς
950 545 1131 603 ἄγγελός
1151 548 1255 599 ἐστι,

60 636 63 638 ·
127 621 203 660 καί
221 614 264 672 ῤ’
284 613 349 660 ὅτ’
371 618 414 667 ἐς
430 613 663 672 Ἀρκαδίην
682 618 982 665 πολυπίδακα,
1011 616 1174 671 μητέρα
1193 613 1357 671 μήλων,
1409 626 1453 659 30

128 682 297 739 ἐξίκετ’,
327 689 437 728 ἔνθα
457 685 505 729 τέ
520 687 566 727 oc
584 685 760 740 τέμενος
780 687 1033 739 Κυλληνίου
1052 685 1182 727 ἐστίν.

127 750 226 796 ἔνθ’
247 750 320 808 ὅγε
339 753 409 796 καὶ
428 750 533 802 θεὸς
554 748 616 795 [ὃν
636 750 940 807 ψαφαρότριχα
959 748 1061 807 μῆλ’
1083 749 1293 807 ἐνόμευεν

127 817 255 876 άνδρὶ
277 819 392 875 πάρα
410 821 582 878 θνητῷ·
620 818 730 863 λάθε
751 817 832 875 γὰρ
852 818 989 869 πόθος
1007 815 1140 874 ὑγρὸς
1159 816 1360 862 ἐπελθών

127 887 278 946 νύμφῃ
299 887 558 946 ἐϋπλοκάμῳ
579 886 783 942 Δρύοπος
803 885 1000 943 φιλότητι
1019 888 1218 943 μιγῆναι·

128 957 174 1000 ἐκ
197 953 240 1000 δ’
261 957 455 1000 ἐτέλεσσε
475 954 615 1011 γάμον
632 954 848 1011 θαλερὸν,
876 956 972 998 τέκε
994 952 1036 998 δ’
1060 956 1108 998 ἐν
1126 952 1383 1011 μεγάροισιν
1411 965 1455 998 35

128 1020 294 1080 Ἑρμείῃ
314 1028 444 1079 φίλον
465 1021 584 1077 υἱὸν,
615 1020 733 1079 ἄφαρ
754 1021 1006 1080 τερατωπὸν
1026 1023 1215 1071 ἰδέσθαι,
1498 1019 1500 1021 ’

128 1090 384 1147 αἰγιπόδην,
415 1092 649 1147 δικέρωτα,
678 1090 970 1147 πολύκροτον,
994 1087 1271 1147 ἡδυγέλωτα·

128 1161 266 1215 φεῦγε
287 1156 331 1203 δ’
351 1156 587 1212 ἀναΐξασα,
618 1162 745 1202 λίπεν
764 1157 806 1203 δ’
829 1157 912 1215 ἄρα
932 1161 1069 1202 παῖδα
1088 1156 1268 1214 τιθήνη·

130 1230 247 1270 δεῖσε
265 1225 370 1283 γὰρ,
399 1223 455 1277 ὡς
474 1229 572 1271 ἴδεν
590 1223 694 1278 ὄψιν
714 1224 959 1283 άμείλιχον,
990 1223 1232 1282 ἠυγένειον.

128 1293 204 1337 τὸν
225 1291 268 1338 δ’
289 1292 384 1347 αἶψ’
399 1291 595 1351 Ἑρμειής
615 1295 829 1350 ἐριούνιος
849 1298 909 1344 εἰς
928 1295 1031 1350 χέρα
1050 1297 1162 1350 θῆκε
1412 1304 1456 1337 40

131 1361 383 1419 δεξάμενος,
411 1372 563 1418 χαῖρεν
583 1361 630 1405 δὲ
649 1361 738 1421 νόῳ
758 1360 970 1418 περιώσια
992 1365 1171 1418 δαίμων.

131 1432 270 1487 ῥίμφα
291 1433 316 1474 δ
323 1427 332 1443 ’
354 1432 396 1480 ἐς
415 1428 652 1474 άθανάτων
670 1432 799 1487 ἕδρας
818 1434 884 1474 κίε
903 1432 1039 1474 παῖδα
1058 1428 1255 1481 καλύψας

131 1499 340 1554 δέρμασιν
360 1499 407 1542 ἐν
426 1508 675 1542 πυκινοῖσιν
695 1495 928 1557 ὀρεσκῴοιο
948 1499 1141 1553 λαγωοῦ·

130 1564 216 1620 πὰρ
239 1565 286 1610 δὲ
304 1566 412 1622 Ζηνὶ
432 1565 582 1619 κάθιζε
603 1566 674 1609 καὶ
693 1564 838 1617 ἄλλοις
857 1564 1158 1620 ἀθανάτοισιν,

132 1635 244 1686 δεῖξε
265 1633 312 1678 δὲ
331 1636 492 1689 κοῦρον
517 1632 607 1678 ἑόν·
640 1633 798 1685 πάντες
819 1631 858 1677 δ’
879 1631 963 1690 ἄρα
981 1631 1130 1689 θυμὸν
1150 1637 1367 1689 ἔτερφθεν
1413 1642 1456 1675 45

130 1698 366 1755 άθάνατοι,
395 1706 605 1757 περίαλλα
626 1699 666 1744 δ’
689 1699 710 1744 ὁ
731 1701 938 1757 Βάκχειος
958 1700 1185 1751 Διόνυσος.

133 1771 260 1812 Πᾶνα
281 1770 332 1813 δέ
346 1787 422 1825 μιν
440 1769 676 1813 καλέεσκον
689 1804 698 1822 ,
728 1767 794 1813 ὅτι
813 1770 954 1825 φρένα
975 1771 1108 1812 πᾶσιν
1129 1773 1293 1823 ἔτερψε.

226 1838 314 1880 Καὶ
335 1835 388 1880 σὺ
407 1836 487 1893 μὲν
507 1833 620 1879 οὕτω
641 1846 783 1892 χαῖρε,
814 1835 943 1891 ἄναξ,
974 1841 1144 1892 λίτομαι
1166 1837 1217 1881 δέ
1241 1832 1285 1879 σ’
1307 1832 1453 1890 ἀοιδῇ

132 1900 268 1960 αὐτὰρ
289 1903 373 1960 ἐγω
393 1904 464 1948 καὶ
484 1914 575 1948 σεῖο
596 1905 668 1947 καὶ
687 1901 817 1960 ἄλλης
836 1901 1024 1961 μνήσομ’
1045 1902 1205 1960 ἀοιδῆς.
