1619 2556
574 125 640 157 ΠΙ.
672 125 751 156 Em
776 124 953 156 EPMr-m.
1363 113 1415 151 29

92 225 164 272 οἷα
181 230 303 271 θεῶν
321 227 529 285 μακάρων
548 230 655 284 ἱεροὶ
676 228 798 286 δόμοι
818 228 937 279 ἐντὸς
956 233 1149 284 ἔχουσιν·

92 292 192 340 ἔνθ’
213 297 306 339 ἐπεὶ
325 297 533 351 ἐξερέεινε
551 315 611 354 μυ
612 295 715 353 χοῦς
733 296 936 353 μεγάλοιο
957 296 1105 353 δόμοιο

92 367 329 421 Λητοΐδης,
356 362 538 420 μύθοισι
556 364 785 421 προσηύδα
803 363 991 420 κύδιμον
1004 361 1182 421 Ἐρμην·

187 424 239 473 Ὦ
257 441 357 486 παῖ,
387 429 434 482 ὃς
453 434 501 476 ἐν
520 437 655 492 λίκνῳ
675 431 923 482 κατάκειαι
951 431 1093 512 μήνυέ
1107 448 1179 488 μοι
1198 433 1302 486 βοῦς

91 501 278 543 θᾶττον·
294 500 401 542 ἐπεὶ
419 499 526 556 τάχα
543 503 624 544 νῶι
646 498 889 556 διοισόμεθ’
913 497 965 542 ού
985 498 1092 543 κατὰ
1113 499 1286 556 κόσμον.
1345 511 1412 544 255

95 569 209 623 ῥίψω
227 565 309 622 γάρ
330 578 379 610 σε
398 567 547 623 λαβὼν
566 570 608 619 ἐς
634 567 858 625 Τάρταρον
876 565 1094 623 ἠερόεντα,

46 642 49 644 ’
93 639 153 686 εἰς
173 633 306 690 ζόφον
323 634 561 692 αἰνόμορον
579 637 651 680 καὶ
671 634 893 692 ἀμήχανον
905 648 914 656 ·
942 633 1050 679 οὐδέ
1066 648 1113 679 σε
1132 634 1269 691 μήτηρ

89 704 133 753 ἐς
151 701 262 758 φάος
279 699 383 746 οὐδὲ
404 702 544 760 πατὴρ
563 702 826 748 ἀναλύσεται
840 739 850 754 ,
876 700 975 747 ἀλλ’
995 700 1080 746 ὑπὸ
1101 708 1203 759 γαίῃ

89 769 284 827 ἐρρήσεις
303 767 494 815 ὄλοοῑσιν
514 775 562 816 έν
581 769 796 828 ἀνδράσιν
814 769 1103 828 ἡγεμονεύων.

196 836 281 882 Τὸν
301 835 343 881 δ’
359 836 514 896 Ἑρμῆς
534 839 744 897 μύθοισιν
762 838 963 896 ἀμείβετο
983 839 1275 894 κερδαλέοισι·
1346 849 1411 883 260

87 909 279 962 Λητοΐδη
292 940 302 959 ‚
332 911 429 950 τίνα
449 910 604 951 τοῦτον
623 905 791 964 ἀπηνέα
812 907 959 964 μῦθον
978 911 1144 957 ἔειπαςς

87 967 114 1029 ἦ
132 976 237 1029 βοῦς
256 971 502 1029 ἀγραύλους
524 974 745 1032 διζήμενος
764 973 922 1019 ἐνθάδ’
944 973 1129 1025 ἵκάνειςς

86 1038 166 1085 ούκ
185 1044 305 1096 ἴδον,
333 1039 386 1086 οὐ
405 1042 635 1100 πυθόμην,
664 1042 745 1088 οὐκ
765 1041 898 1086 ἄλλου
917 1045 1064 1098 μῦθον
1083 1040 1270 1085 ἄκουσα·

86 1105 166 1152 οὐκ
185 1106 240 1152 ἀν
257 1108 513 1167 μηνύσαιμ’.
546 1109 627 1155 οὐκ
647 1108 702 1155 ἀν
721 1110 943 1168 μήνυτρον
961 1107 1167 1166 ἀροίμην·

86 1173 181 1220 οὔτι
199 1179 317 1233 βοῶν
337 1180 534 1235 ἐλατῆρι,
563 1182 756 1238 κραταιῷ
777 1180 911 1235 φωτὶ,
943 1182 1074 1222 ἔοικα.
1346 1186 1411 1221 265

85 1241 165 1288 οὐκ
185 1243 290 1301 ἐμὸν
311 1250 441 1301 ἔργον
460 1249 587 1290 τοῦτο
600 1282 610 1298 ,
641 1247 776 1302 πάρος
797 1248 848 1290 δέ
863 1263 934 1303 μοι
953 1244 1062 1289 ἄλλα
1080 1246 1288 1301 μέμηλεν·

85 1310 223 1364 ὕπνος
242 1313 386 1369 ἔμοιγε
407 1315 570 1371 μέμηλε
589 1317 659 1359 καὶ
681 1313 887 1372 ἡμετέρης
908 1313 1017 1369 γάλα
1036 1310 1208 1370 μητρὸς,

86 1379 315 1436 σπάργανά
333 1379 376 1424 τ’
396 1380 508 1438 ἀμφ’
531 1380 712 1439 ὤμοισιν
731 1388 845 1439 ἔχειν
865 1382 938 1425 καὶ
956 1378 1099 1438 θερμοὶ
1118 1379 1282 1436 λοετρά.

84 1446 142 1506 μή
160 1465 222 1499 τις
241 1451 368 1492 τοῦτο
388 1448 574 1494 πύθοιτο
586 1485 597 1505 ,
626 1449 769 1494 πόθεν
787 1449 886 1493 τόδε
905 1459 1048 1500 νεῖκος
1068 1445 1231 1504 ἐτύχθη
1243 1461 1251 1469 ·
1338 1505 1342 1512 ¹

84 1520 162 1560 καί
175 1533 252 1559 κεν
272 1514 325 1572 δὴ
345 1517 455 1574 μέγα
473 1520 626 1575 θαῦμα
644 1516 739 1575 μετ’
760 1516 1019 1562 ἀθανάτοισι
1038 1517 1221 1571 γένοιτο.
1344 1526 1410 1560 270

85 1585 221 1627 παῖδα
239 1585 342 1627 νέον
360 1587 558 1640 γεγαῶτα
582 1585 653 1630 διὰ
673 1585 917 1642 προθύροιο
936 1587 1122 1640 περῆσαι

87 1652 240 1707 βουσὶν
258 1649 330 1695 ἐπ’
351 1649 628 1708 ἀγραύλοισι·
656 1652 702 1697 τὸ
724 1657 750 1697 δ
757 1651 767 1666 ’
788 1651 1012 1709 ἀπρεπέως
1031 1649 1265 1707 ἀγορεύεις.

84 1718 188 1775 χθὲς
206 1718 419 1776 γενόμην.
449 1717 607 1764 ἁπαλοὶ
628 1721 674 1765 δὲ
693 1720 823 1772 πόδες
836 1757 846 1771 „
874 1730 1049 1776 τρηχεῖα
1071 1716 1114 1762 δ’
1133 1715 1219 1762 ὑπὸ
1239 1717 1375 1774 χθών.

85 1791 126 1830 εἰ
144 1786 191 1830 δὲ
208 1788 377 1842 θέλεις,
409 1786 570 1843 πατρὸς
590 1788 785 1844 κεφαλὴν
803 1791 942 1846 μέγαν
960 1786 1091 1843 ’ὅρκον
1110 1783 1317 1844 ὀμοῦμαι·

84 1852 141 1910 μὴ
160 1853 240 1910 μὲν
260 1853 344 1910 ἐγώ
362 1853 462 1912 μήτ’
484 1853 614 1906 αὐτὸς
633 1853 869 1913 ὑπίσχομαι
890 1863 1025 1907 αι”τιος
1044 1854 1170 1909 εἶναι,
1344 1863 1411 1898 275

85 1920 190 1978 μήτε
208 1920 295 1965 τιν’
318 1920 453 1966 ἄλλον
471 1921 627 1966 ὄπωπα
644 1927 763 1980 βοῶν
781 1922 945 1968 κλοπὸν
963 1921 1228 1980 ὑμετεράων,

85 1993 248 2040 αἵτινες
267 1992 314 2032 αἱ
329 1989 428 2046 βόες
448 1995 553 2035 εἰσί·
579 1989 626 2034 τὸ
649 1990 695 2034 δὲ
714 1993 836 2042 κλέος
858 1991 952 2035 οἷον
971 1989 1128 2034 ἀκούω.

177 2053 256 2108 ιὨις
274 2055 347 2112 ἅρῗ
369 2063 452 2114 ἔφη
471 2060 543 2102 καὶ
563 2057 733 2102 πυκνὸν
752 2056 835 2103 ἀπὸ
856 2057 1091 2115 βλεφάρων
1111 2055 1374 2113 ἀμαρύσσων

84 2121 224 2180 ὀφρῦς
244 2124 546 2180 ῥιπτάζεσκεν.
576 2123 796 2183 ὁρώμενος
816 2132 926 2172 ἔνθα
946 2128 1017 2170 καὶ
1036 2131 1162 2177 ἔνθα,

84 2191 197 2249 μάκρ
207 2190 534 2248 ’ἀποσυρίζων,
565 2192 690 2237 άλιον
708 2193 784 2238 τὸν
800 2197 947 2252 μῦθον
964 2191 1181 2251 ὑποσχών.
1342 2204 1409 2238 280

85 2258 161 2303 τὸν
180 2257 223 2303 δ’
247 2257 415 2304 ἁπαλὸν
433 2260 616 2317 γελάσας
641 2263 838 2318 προσέφη
858 2262 1059 2319 ἑκάεργος
1075 2260 1312 2305 Ἀπόλλων·

178 2320 231 2370 Ὦ
250 2326 410 2383 πέπον,
440 2325 738 2385 ἠπεροπευτά,
769 2331 1058 2385 δολοφραδες
1087 2324 1114 2385 ἦ
1132 2341 1182 2373 σε
1205 2326 1307 2385 μάλ’
1330 2335 1406 2371 οἵω
