1619 2556
173 134 224 174 98
586 146 1086 179 BATPAXOMTOMAXIA.

170 248 320 305 ἄκροις
339 250 426 305 πὰρ
447 256 684 306 χείλεσσιν,
715 248 826 294 ὅπου
845 249 1146 307 κατάκρημνος
1164 249 1187 296 ὁ
1205 256 1342 309 χῶρος
1355 270 1364 279 ·

170 315 300 374 ηνίκα
322 315 365 362 δ’
386 316 653 375 ὁρμηθέντες
673 316 747 374 ἐφ’
768 315 899 375 ἡμέας
919 319 1142 371 ἐξέλθωσι,
1434 334 1500 369 155

173 385 431 442 δραξάμενοι
452 385 682 440 κορύθων,
710 384 826 437 ὅστις
845 385 1003 443 σχεδὸν
1021 384 1168 438 άντίος
1187 393 1310 445 ἔλθῃ,

171 456 213 504 ἐς
233 458 392 510 λίμνην
411 451 572 505 αὐτοὺς
590 454 675 498 σὺν
695 456 881 505 ἐκείναις
901 451 1014 498 εὐθὺ
1033 454 1249 512 βάλωμεν.

170 519 283 565 οὕτω
305 521 387 578 γὰρ
407 525 636 575 πνίξαντες
655 525 704 567 ἐν
723 520 855 566 ὕδασι
873 520 974 573 τοὺς
992 519 1268 579 άκολύμβους

171 588 384 646 στήσομεν
404 588 608 646 εὐθύμως
628 589 675 634 τὸ
697 588 941 646 μυοκτόνον
960 583 1046 633 ῶδε
1065 589 1286 646 τρόπαιον.

260 655 340 708 Ὣις
360 656 496 702 εἰπὼν
514 655 716 702 ἀνέπεισε
735 663 1079 711 καθοπλίζεσθαι
1101 655 1307 711 ἅπαντας.
1434 672 1498 708 160

169 724 350 779 φύλλοις
368 726 449 783 μὲν
467 729 673 782 μαλαχῶν
691 726 858 783 κνήμας·
881 724 951 776 ἑὰς
970 723 1305 782 άμφεκάλυψαν,

169 792 374 849 θώρηκας
395 792 437 837 δ’
461 794 576 849 εἶχον
597 796 744 837 καλῶν
761 796 954 850 χλοερῶν
973 791 1057 837 άπὸ
1077 793 1286 851 σεύτλων,

169 860 314 916 φύλλα
336 862 382 906 δὲ
400 865 488 905 τῶν
507 865 717 918 κραμβῶν
737 866 796 913 εἰς
815 860 1002 912 άσπίδας
1023 855 1073 905 εὖ
1091 860 1300 919 ἤσκησαν,

169 934 290 985 ε”γχος
313 927 353 973 δ’
375 927 623 986 ὀξύσχοινος
644 929 808 988 ἑκάστῳ
828 928 990 987 μακρὸς
1010 927 1175 986 άρήρει,

169 997 239 1040 καὶ
259 995 309 1040 τὰ
329 999 435 1052 κέρα
454 1001 640 1054 κοχλιῶν
658 1001 828 1042 λεπτῶν
847 998 1058 1042 ἐκάλυπτε
1079 997 1258 1054 κάρηνα.
1438 1013 1498 1048 165

168 1064 435 1122 φραξάμενοι
457 1064 500 1109 δ’
524 1071 708 1122 ἔστησαν
727 1064 798 1110 ἐπ’
819 1063 955 1123 ὅχθῃς
974 1063 1195 1122 ὑψηλῇσιν

169 1138 358 1184 σείοντες
378 1134 556 1190 λόγχας,
584 1137 735 1190 θυμοῦ
755 1131 799 1178 δ’
820 1139 1036 1191 ἔμπληντο
1056 1136 1245 1185 ἕκαστος.

270 1200 379 1253 Ζεὺς
401 1202 447 1246 δὲ
467 1200 601 1252 θεοὺς
621 1205 806 1253 καλέσας
825 1206 885 1253 εἰς
904 1200 1095 1256 οὐρανὸν
1115 1199 1390 1259 ἀστερόεντα,

168 1270 239 1313 καὶ
260 1271 451 1325 πολέμου
471 1268 649 1326 πληθὺν
671 1273 812 1323 δείξας
831 1269 1066 1325 κρατερούς
1085 1288 1130 1312 τε
1151 1271 1355 1327 μαχητάς,

167 1336 354 1388 πολλοὺς
374 1339 446 1381 καὶ
465 1337 680 1394 μεγάλους
701 1336 776 1394 ἠδ’
799 1343 924 1394 ἔγχεα
943 1336 1086 1394 μακρὰ
1108 1339 1335 1393 φέροντας,
1434 1349 1497 1386 170

166 1401 255 1455 οἷος
274 1405 545 1460 Κενταύρων
563 1404 743 1461 στρατὸς
764 1411 930 1462 ἔρχεται
956 1403 1031 1462 ἠδὲ
1051 1405 1293 1461 Γιγάντων,

170 1470 250 1550 ηδύ
269 1475 410 1529 γελῶν
433 1475 615 1527 ἐρέεινε·
641 1479 756 1524 τινες
776 1473 1058 1530 βατράχοισιν
1078 1470 1240 1529 ἀρωγοὶ

169 1537 193 1596 ἦ
217 1542 348 1597 μυσὶν
368 1539 627 1593 άθανάτων;
656 1543 729 1586 και
746 1540 985 1598 Ἀθηναιήν
1004 1543 1283 1596 προσέειπεν·

265 1609 314 1652 Ὠ
332 1608 552 1665 θύγατερ,
578 1611 710 1666 μυσὶν
731 1603 757 1665 ἦ
777 1612 831 1665 ῥα
850 1609 1131 1666 βοηθήσουσα
1151 1608 1370 1665 πορεύσῃ;

166 1677 238 1720 καὶ
257 1676 340 1732 γάρ
363 1691 443 1721 σου
463 1696 571 1721 κατα
590 1675 699 1733 νηὸν
719 1675 785 1721 dez
805 1680 1038 1732 σκιρτῶσιν
1058 1675 1247 1728 ἅπαντες
1431 1686 1496 1723 1⁷5

166 1750 320 1800 κνίσσῃ
341 1745 598 1801 τερπόμενοι
619 1747 692 1789 καὶ
712 1748 913 1802 ἐδέσμασι
934 1748 1292 1789 παντοδαποῖσιν.

257 1808 336 1862 Ὦς
355 1811 428 1868 ἄρ’
450 1819 533 1869 ἔφη
552 1816 793 1869 Κρονίδης·
823 1813 899 1856 τὸν
921 1814 966 1858 δὲ
987 1814 1247 1868 προσέειπεν
1263 1811 1446 1870 Ἀθήνη·

162 1873 211 1922 Ὠ
231 1879 368 1935 πάτερ
381 1916 391 1933 ,
420 1878 500 1924 οὐκ
520 1879 576 1924 ἄν
595 1878 763 1924 πώποτ’
786 1880 870 1936 ἐγώ
889 1882 995 1938 μυσὶ
1014 1882 1329 1937 τειρομένοισιν

166 1949 346 2004 ἐλθοιήν
365 1947 610 2004 ἐπαρωγὸς,
642 1949 734 1992 ἐπεὶ
753 1947 864 1992 κακὰ
886 1948 1024 1993 πολλὰ
1042 1946 1089 2005 μ’
1112 1953 1270 2004 ἔοργαν

165 2016 382 2071 στέμματα
402 2015 667 2072 βλάπτοντες
691 2017 760 2060 καὶ
783 2015 967 2072 λύχνους
988 2014 1123 2061 εἵνεκ’
1144 2018 1303 2060 ε’λαίου.
1431 2024 1495 2060 180

165 2085 290 2126 τοῦτο
311 2085 363 2128 δέ
377 2101 462 2140 μου
482 2089 580 2140 λίην
602 2087 730 2129 ἔδακε
749 2085 935 2139 φρένας,
967 2081 1061 2128 οἷον
1081 2086 1241 2138 ἔρεξαν.

165 2152 330 2194 πέπλον
349 2169 433 2206 μου
454 2154 749 2205 κατέτρωξαν,
780 2149 832 2195 ὃν
850 2152 1045 2208 ἐξύφανα
1066 2153 1262 2207 καμοῦσα

166 2220 209 2261 ἐκ
231 2217 419 2275 ῥοδάνης
439 2222 594 2276 λεπτῆς
615 2220 685 2263 καὶ
706 2219 896 2276 στήμονα
917 2218 1074 2264 λεπτὸν
1094 2224 1240 2275 ε’νησα,

165 2289 184 2309 *
202 2287 274 2330 καὶ
292 2286 486 2342 τρῶγλας
507 2289 735 2330 ἐτέλεσσαν
749 2300 758 2309 ·
787 2284 808 2329 ὁ
831 2285 873 2330 δ’
899 2285 1059 2344 ἦπητής
1078 2305 1149 2343 μοι
1171 2286 1328 2342 ἐπέστη

163 2355 235 2397 καὶ
257 2359 438 2408 πράσσει
460 2373 512 2409 με
532 2353 683 2398 τόκον·
712 2353 759 2398 τὸ
781 2354 825 2398 δὲ
847 2357 998 2420 ῥίγιον
1009 2353 1310 2399 ἀθανάτοισιν.
1428 2361 1492 2397 185
