<?xml version="1.0" encoding="UTF-8"?>
<!DOCTYPE html PUBLIC "-//W3C//DTD XHTML 1.0 Transitional//EN"
    "http://www.w3.org/TR/xhtml1/DTD/xhtml1-transitional.dtd">
<html xmlns="http://www.w3.org/1999/xhtml" xml:lang="en" lang="en">
 <head>
  <title>
</title>
<meta http-equiv="Content-Type" content="text/html;charset=utf-8" />
  <meta name='ocr-system' content='tesseract 3.04.00' />
  <meta name='ocr-capabilities' content='ocr_page ocr_carea ocr_par ocr_line ocrx_word'/>
</head>
<body>
  <div class='ocr_page' id='page_1' title='image "./hymnihomericiacc00homeuoft_0054.png"; bbox 0 0 1619 2556; ppageno 0'>
   <div class='ocr_carea' id='block_1_1' title="bbox 171 119 1016 159">
    <p class='ocr_par' dir='ltr' id='par_1_1' title="bbox 171 119 1016 159">
     <span class='ocr_line' id='line_1_1' title="bbox 171 119 1016 159; baseline 0.001 -1"><span class='ocrx_word' id='word_1_1' title='bbox 171 119 224 158; x_wconf 88' lang='lat'><em>36</em></span> <span class='ocrx_word' id='word_1_2' title='bbox 639 127 705 158; x_wconf 91' lang='lat'>111.</span> <span class='ocrx_word' id='word_1_3' title='bbox 730 127 810 159; x_wconf 75' lang='grc' dir='ltr'><em>ΕΙΣ</em></span> <span class='ocrx_word' id='word_1_4' title='bbox 837 128 1016 159; x_wconf 64' lang='lat' dir='ltr'><em>mmm.</em></span> 
     </span>
    </p>
   </div>
   <div class='ocr_carea' id='block_1_2' title="bbox 175 229 1511 2398">
    <p class='ocr_par' dir='ltr' id='par_1_2' title="bbox 175 229 1509 1787">
     <span class='ocr_line' id='line_1_2' title="bbox 176 229 1194 289; baseline -0.002 -13"><span class='ocrx_word' id='word_1_5' title='bbox 176 234 247 276; x_wconf 83' lang='grc' dir='ltr'><em>καὶ</em></span> <span class='ocrx_word' id='word_1_6' title='bbox 266 235 350 275; x_wconf 90' lang='grc' dir='ltr'><em>νῦν</em></span> <span class='ocrx_word' id='word_1_7' title='bbox 369 229 497 282; x_wconf 82' lang='grc' dir='ltr'><em>αὐτὸς</em></span> <span class='ocrx_word' id='word_1_8' title='bbox 518 230 601 286; x_wconf 79' lang='grc' dir='ltr'><em>ε’γω</em></span> <span class='ocrx_word' id='word_1_9' title='bbox 622 244 669 275; x_wconf 90' lang='grc' dir='ltr'><em>σε</em></span> <span class='ocrx_word' id='word_1_10' title='bbox 691 242 971 289; x_wconf 89' lang='grc' dir='ltr'><em>πανομφαῑον</em></span> <span class='ocrx_word' id='word_1_11' title='bbox 991 231 1194 288; x_wconf 82' lang='grc' dir='ltr'><em>δεδάηκα.</em></span> 
     </span>
     <span class='ocr_line' id='line_1_3' title="bbox 177 297 1320 384; baseline 0 -40"><span class='ocrx_word' id='word_1_12' title='bbox 177 301 244 344; x_wconf 81' lang='grc' dir='ltr'><em>σοὶ</em></span> <span class='ocrx_word' id='word_1_13' title='bbox 266 297 306 343; x_wconf 89' lang='grc' dir='ltr'><em>δ’</em></span> <span class='ocrx_word' id='word_1_14' title='bbox 334 297 601 384; x_wconf 79' lang='grc' dir='ltr'><em>αὐτάγρετόν</em></span> <span class='ocrx_word' id='word_1_15' title='bbox 621 301 709 344; x_wconf 84' lang='grc' dir='ltr'><em>ἐστι</em></span> <span class='ocrx_word' id='word_1_16' title='bbox 733 299 967 357; x_wconf 83' lang='grc' dir='ltr'><em>δαήμεναι,</em></span> <span class='ocrx_word' id='word_1_17' title='bbox 994 297 1084 342; x_wconf 81' lang='grc' dir='ltr'><em>ὅττι</em></span> <span class='ocrx_word' id='word_1_18' title='bbox 1103 303 1320 359; x_wconf 81' lang='grc' dir='ltr'><em>μενοινᾷς.</em></span> 
     </span>
     <span class='ocr_line' id='line_1_4' title="bbox 175 366 1501 424; baseline 0 -12"><span class='ocrx_word' id='word_1_19' title='bbox 175 366 272 412; x_wconf 78' lang='grc' dir='ltr'><em>ἀλλ’</em></span> <span class='ocrx_word' id='word_1_20' title='bbox 295 369 387 411; x_wconf 84' lang='grc' dir='ltr'><em>ἐπεὶ</em></span> <span class='ocrx_word' id='word_1_21' title='bbox 406 369 488 411; x_wconf 83' lang='grc' dir='ltr'><em>οὑν</em></span> <span class='ocrx_word' id='word_1_22' title='bbox 506 384 572 410; x_wconf 90' lang='grc' dir='ltr'><em>τοι</em></span> <span class='ocrx_word' id='word_1_23' title='bbox 596 366 738 424; x_wconf 85' lang='grc' dir='ltr'><em>θυμὸς</em></span> <span class='ocrx_word' id='word_1_24' title='bbox 758 368 933 412; x_wconf 79' lang='grc' dir='ltr'><em>ἐπιθύει</em></span> <span class='ocrx_word' id='word_1_25' title='bbox 953 372 1208 423; x_wconf 89' lang='grc' dir='ltr'><em>κιθαρίζειν.</em></span> <span class='ocrx_word' id='word_1_26' title='bbox 1434 376 1501 412; x_wconf 78' lang='lat'><em>475</em></span> 
     </span>
     <span class='ocr_line' id='line_1_5' title="bbox 175 433 1135 493; baseline -0.002 -12"><span class='ocrx_word' id='word_1_27' title='bbox 175 439 333 493; x_wconf 82' lang='grc' dir='ltr'><em>μέλπεο</em></span> <span class='ocrx_word' id='word_1_28' title='bbox 354 438 425 479; x_wconf 84' lang='grc' dir='ltr'><em>καὶ</em></span> <span class='ocrx_word' id='word_1_29' title='bbox 445 434 640 490; x_wconf 78' lang='grc' dir='ltr'><em>κιθάριζε</em></span> <span class='ocrx_word' id='word_1_30' title='bbox 660 437 732 479; x_wconf 80' lang='grc' dir='ltr'><em>καὶ</em></span> <span class='ocrx_word' id='word_1_31' title='bbox 751 433 832 492; x_wconf 80' lang='grc' dir='ltr'><em>άγλ</em></span> <span class='ocrx_word' id='word_1_32' title='bbox 836 441 932 486; x_wconf 84' lang='grc' dir='ltr'><em>αῑας</em></span> <span class='ocrx_word' id='word_1_33' title='bbox 951 433 1135 491; x_wconf 78' lang='grc' dir='ltr'><em>ἀλέγυνε</em></span> 
     </span>
     <span class='ocr_line' id='line_1_6' title="bbox 177 500 1470 561; baseline -0.003 -12"><span class='ocrx_word' id='word_1_34' title='bbox 177 506 382 561; x_wconf 78' lang='grc' dir='ltr'><em>δέγμενος</em></span> <span class='ocrx_word' id='word_1_35' title='bbox 404 507 445 558; x_wconf 81' lang='grc' dir='ltr'><em>ἐξ</em></span> <span class='ocrx_word' id='word_1_36' title='bbox 468 505 626 560; x_wconf 81' lang='grc' dir='ltr'><em>ἐμέθεν</em></span> <span class='ocrx_word' id='word_1_37' title='bbox 651 530 708 536; x_wconf 84' lang='lat'><em>—-</em></span> <span class='ocrx_word' id='word_1_38' title='bbox 727 502 781 547; x_wconf 84' lang='grc' dir='ltr'>σύ</span> <span class='ocrx_word' id='word_1_39' title='bbox 803 506 854 548; x_wconf 93' lang='grc' dir='ltr'><em>δέ</em></span> <span class='ocrx_word' id='word_1_40' title='bbox 869 521 955 560; x_wconf 76' lang='grc' dir='ltr'><em>μοι,</em></span> <span class='ocrx_word' id='word_1_41' title='bbox 977 508 1090 559; x_wconf 69' lang='grc' dir='ltr'><em>φίλ,ε</em></span> <span class='ocrx_word' id='word_1_42' title='bbox 1110 505 1243 554; x_wconf 81' lang='grc' dir='ltr'><em>κῦδος</em></span> <span class='ocrx_word' id='word_1_43' title='bbox 1263 500 1392 555; x_wconf 80' lang='grc' dir='ltr'><em>ὄπαζε</em></span> <span class='ocrx_word' id='word_1_44' title='bbox 1418 529 1470 533; x_wconf 86' lang='lat'><em>·-</em></span> 
     </span>
     <span class='ocr_line' id='line_1_7' title="bbox 178 569 1304 653; baseline -0.003 -36"><span class='ocrx_word' id='word_1_45' title='bbox 178 570 396 629; x_wconf 82' lang='grc' dir='ltr'><em>εὕμολπον</em></span> <span class='ocrx_word' id='word_1_46' title='bbox 417 569 523 629; x_wconf 83' lang='grc' dir='ltr'><em>μετὰ</em></span> <span class='ocrx_word' id='word_1_47' title='bbox 543 572 692 627; x_wconf 85' lang='grc' dir='ltr'><em>χερσὶν</em></span> <span class='ocrx_word' id='word_1_48' title='bbox 712 577 822 628; x_wconf 81' lang='grc' dir='ltr'><em>ἔχων</em></span> <span class='ocrx_word' id='word_1_49' title='bbox 842 571 1096 628; x_wconf 73' lang='grc' dir='ltr'><em>λιγύφωνον</em></span> <span class='ocrx_word' id='word_1_50' title='bbox 1108 572 1304 653; x_wconf 81' lang='grc' dir='ltr'><em>ἑταίρην.</em></span> 
     </span>
     <span class='ocr_line' id='line_1_8' title="bbox 177 637 1333 697; baseline -0.003 -12"><span class='ocrx_word' id='word_1_51' title='bbox 177 638 286 685; x_wconf 75' lang='grc' dir='ltr'><em>καλὰ</em></span> <span class='ocrx_word' id='word_1_52' title='bbox 307 641 380 684; x_wconf 82' lang='grc' dir='ltr'><em>καὶ</em></span> <span class='ocrx_word' id='word_1_53' title='bbox 400 642 449 684; x_wconf 83' lang='grc' dir='ltr'><em>εὐ</em></span> <span class='ocrx_word' id='word_1_54' title='bbox 468 638 576 683; x_wconf 78' lang='grc' dir='ltr'><em>κατὰ</em></span> <span class='ocrx_word' id='word_1_55' title='bbox 596 639 758 697; x_wconf 88' lang='grc' dir='ltr'><em>κόσμον</em></span> <span class='ocrx_word' id='word_1_56' title='bbox 780 640 1070 696; x_wconf 83' lang='grc' dir='ltr'><em>ἐπισταμένην</em></span> <span class='ocrx_word' id='word_1_57' title='bbox 1094 637 1333 695; x_wconf 73' lang='grc' dir='ltr'><em>ἀγορεύειν.</em></span> 
     </span>
     <span class='ocr_line' id='line_1_9' title="bbox 179 706 1503 765; baseline -0.001 -12"><span class='ocrx_word' id='word_1_58' title='bbox 179 706 358 765; x_wconf 81' lang='grc' dir='ltr'><em>εὔκηλος</em></span> <span class='ocrx_word' id='word_1_59' title='bbox 377 708 458 765; x_wconf 76' lang='grc' dir='ltr'><em>μὲν</em></span> <span class='ocrx_word' id='word_1_60' title='bbox 481 712 628 752; x_wconf 81' lang='grc' dir='ltr'><em>ἔπειτα</em></span> <span class='ocrx_word' id='word_1_61' title='bbox 649 710 802 765; x_wconf 89' lang='grc' dir='ltr'><em>φέρειν</em></span> <span class='ocrx_word' id='word_1_62' title='bbox 822 712 882 758; x_wconf 81' lang='grc' dir='ltr'><em>εἰς</em></span> <span class='ocrx_word' id='word_1_63' title='bbox 903 711 1029 752; x_wconf 90' lang='grc' dir='ltr'><em>δαῖτα</em></span> <span class='ocrx_word' id='word_1_64' title='bbox 1048 707 1234 751; x_wconf 80' lang='grc' dir='ltr'><em>θάλειαν</em></span> <span class='ocrx_word' id='word_1_65' title='bbox 1436 717 1503 752; x_wconf 77' lang='lat'><em>480</em></span> 
     </span>
     <span class='ocr_line' id='line_1_10' title="bbox 177 774 1236 856; baseline -0.002 -34.998"><span class='ocrx_word' id='word_1_66' title='bbox 177 778 251 821; x_wconf 86' lang='grc' dir='ltr'><em>καὶ</em></span> <span class='ocrx_word' id='word_1_67' title='bbox 268 774 398 834; x_wconf 87' lang='grc' dir='ltr'><em>χορὸν</em></span> <span class='ocrx_word' id='word_1_68' title='bbox 417 775 642 833; x_wconf 78' lang='grc' dir='ltr'><em>ἱμερόεντα</em></span> <span class='ocrx_word' id='word_1_69' title='bbox 662 778 734 820; x_wconf 84' lang='grc' dir='ltr'><em>καὶ</em></span> <span class='ocrx_word' id='word_1_70' title='bbox 753 779 796 827; x_wconf 88' lang='grc' dir='ltr'><em>ἐς</em></span> <span class='ocrx_word' id='word_1_71' title='bbox 815 777 1057 856; x_wconf 82' lang='grc' dir='ltr'><em>φιλοκυδέα</em></span> <span class='ocrx_word' id='word_1_72' title='bbox 1076 778 1236 832; x_wconf 76' lang='grc' dir='ltr'><em>κῶμον,</em></span> 
     </span>
     <span class='ocr_line' id='line_1_11' title="bbox 180 839 1397 902; baseline -0.002 -13"><span class='ocrx_word' id='word_1_73' title='bbox 180 843 459 902; x_wconf 81' lang='grc' dir='ltr'><em>εὐφροσύνην</em></span> <span class='ocrx_word' id='word_1_74' title='bbox 478 843 633 895; x_wconf 89' lang='grc' dir='ltr'><em>νυκτός</em></span> <span class='ocrx_word' id='word_1_75' title='bbox 655 863 699 888; x_wconf 91' lang='grc' dir='ltr'><em>τε</em></span> <span class='ocrx_word' id='word_1_76' title='bbox 720 846 792 888; x_wconf 83' lang='grc' dir='ltr'><em>καὶ</em></span> <span class='ocrx_word' id='word_1_77' title='bbox 812 842 982 901; x_wconf 77' lang='grc' dir='ltr'><em>ἤματος.</em></span> <span class='ocrx_word' id='word_1_78' title='bbox 1020 841 1066 895; x_wconf 84' lang='grc' dir='ltr'><em>ὃς</em></span> <span class='ocrx_word' id='word_1_79' title='bbox 1084 842 1167 900; x_wconf 80' lang='grc' dir='ltr'><em>γὰρ</em></span> <span class='ocrx_word' id='word_1_80' title='bbox 1187 841 1242 887; x_wconf 92' lang='grc' dir='ltr'><em>α“ν</em></span> <span class='ocrx_word' id='word_1_81' title='bbox 1260 839 1397 899; x_wconf 80' lang='grc' dir='ltr'><em>αὐτὴν</em></span> 
     </span>
     <span class='ocr_line' id='line_1_12' title="bbox 180 914 1155 971; baseline -0.002 -13"><span class='ocrx_word' id='word_1_82' title='bbox 180 915 308 971; x_wconf 83' lang='grc' dir='ltr'><em>τέχνῃ</em></span> <span class='ocrx_word' id='word_1_83' title='bbox 328 914 401 957; x_wconf 82' lang='grc' dir='ltr'><em>καὶ</em></span> <span class='ocrx_word' id='word_1_84' title='bbox 421 917 577 969; x_wconf 84' lang='grc' dir='ltr'><em>σοφίῃ.</em></span> <span class='ocrx_word' id='word_1_85' title='bbox 610 914 896 970; x_wconf 78' lang='grc' dir='ltr'><em>δεδαημένος,</em></span> <span class='ocrx_word' id='word_1_86' title='bbox 926 914 1155 969; x_wconf 82' lang='grc' dir='ltr'><em>ἐξερεείνῃ.</em></span> 
     </span>
     <span class='ocr_line' id='line_1_13' title="bbox 181 980 1235 1039; baseline -0.004 -13"><span class='ocrx_word' id='word_1_87' title='bbox 181 983 462 1039; x_wconf 75' lang='grc' dir='ltr'><em>φθεγγομένη</em></span> <span class='ocrx_word' id='word_1_88' title='bbox 481 992 666 1025; x_wconf 78' lang='grc' dir='ltr'><em>παντοῖα</em></span> <span class='ocrx_word' id='word_1_89' title='bbox 686 981 773 1037; x_wconf 80' lang='grc' dir='ltr'><em>νόῳ</em></span> <span class='ocrx_word' id='word_1_90' title='bbox 793 986 997 1037; x_wconf 82' lang='grc' dir='ltr'><em>χαρίεντα</em></span> <span class='ocrx_word' id='word_1_91' title='bbox 1025 980 1235 1035; x_wconf 79' lang='grc' dir='ltr'><em>διδάσκει,</em></span> 
     </span>
     <span class='ocr_line' id='line_1_14' title="bbox 183 1047 1506 1106; baseline -0.003 -12"><span class='ocrx_word' id='word_1_92' title='bbox 183 1052 277 1106; x_wconf 78' lang='grc' dir='ltr'><em>ῥεῖα</em></span> <span class='ocrx_word' id='word_1_93' title='bbox 297 1054 588 1106; x_wconf 83' lang='grc' dir='ltr'><em>συνηθείῃσιν</em></span> <span class='ocrx_word' id='word_1_94' title='bbox 607 1047 861 1105; x_wconf 79' lang='grc' dir='ltr'><em>ἀθυρομένη</em></span> <span class='ocrx_word' id='word_1_95' title='bbox 879 1052 1138 1105; x_wconf 69' lang='grc' dir='ltr'><em>μαλακῇσιν,</em></span> <span class='ocrx_word' id='word_1_96' title='bbox 1439 1056 1506 1090; x_wconf 76' lang='lat'><em>485</em></span> 
     </span>
     <span class='ocr_line' id='line_1_15' title="bbox 183 1112 1296 1175; baseline -0.004 -13"><span class='ocrx_word' id='word_1_97' title='bbox 183 1121 389 1175; x_wconf 85' lang='grc' dir='ltr'><em>ἐργασίην</em></span> <span class='ocrx_word' id='word_1_98' title='bbox 406 1119 628 1174; x_wconf 85' lang='grc' dir='ltr'><em>θέλγουσα</em></span> <span class='ocrx_word' id='word_1_99' title='bbox 648 1117 900 1174; x_wconf 80' lang='grc' dir='ltr'><em>δυήπαθον·</em></span> <span class='ocrx_word' id='word_1_100' title='bbox 928 1115 974 1168; x_wconf 83' lang='grc' dir='ltr'><em>ὃς</em></span> <span class='ocrx_word' id='word_1_101' title='bbox 995 1118 1046 1160; x_wconf 91' lang='grc' dir='ltr'><em>δέ</em></span> <span class='ocrx_word' id='word_1_102' title='bbox 1062 1135 1139 1160; x_wconf 88' lang='grc' dir='ltr'><em>κεν</em></span> <span class='ocrx_word' id='word_1_103' title='bbox 1159 1112 1296 1170; x_wconf 77' lang='grc' dir='ltr'><em>αὐτὴν</em></span> 
     </span>
     <span class='ocr_line' id='line_1_16' title="bbox 183 1184 1125 1244; baseline -0.003 -13"><span class='ocrx_word' id='word_1_104' title='bbox 183 1190 276 1244; x_wconf 87' lang='grc' dir='ltr'><em>νῆις</em></span> <span class='ocrx_word' id='word_1_105' title='bbox 297 1184 381 1231; x_wconf 79' lang='grc' dir='ltr'><em>ἐών</em></span> <span class='ocrx_word' id='word_1_106' title='bbox 399 1184 446 1230; x_wconf 86' lang='grc' dir='ltr'><em>τὸ</em></span> <span class='ocrx_word' id='word_1_107' title='bbox 466 1188 640 1240; x_wconf 75' lang='grc' dir='ltr'><em>πρῶτον</em></span> <span class='ocrx_word' id='word_1_108' title='bbox 660 1188 924 1241; x_wconf 74' lang='grc' dir='ltr'><em>ἐπιζαφελῶς</em></span> <span class='ocrx_word' id='word_1_109' title='bbox 944 1188 1125 1242; x_wconf 73' lang='grc' dir='ltr'><em>ἐρεείνῃ,</em></span> 
     </span>
     <span class='ocr_line' id='line_1_17' title="bbox 181 1252 1221 1312; baseline -0.004 -14"><span class='ocrx_word' id='word_1_110' title='bbox 181 1253 274 1312; x_wconf 81' lang='grc' dir='ltr'><em>μὰψ</em></span> <span class='ocrx_word' id='word_1_111' title='bbox 294 1252 435 1306; x_wconf 83' lang='grc' dir='ltr'><em>αὕτως</em></span> <span class='ocrx_word' id='word_1_112' title='bbox 453 1271 529 1298; x_wconf 88' lang='grc' dir='ltr'><em>κεν</em></span> <span class='ocrx_word' id='word_1_113' title='bbox 550 1258 698 1298; x_wconf 80' lang='grc' dir='ltr'><em>ἔπειτα</em></span> <span class='ocrx_word' id='word_1_114' title='bbox 717 1252 904 1310; x_wconf 87' lang='grc' dir='ltr'><em>μετήορά</em></span> <span class='ocrx_word' id='word_1_115' title='bbox 922 1271 966 1297; x_wconf 91' lang='grc' dir='ltr'><em>τε</em></span> <span class='ocrx_word' id='word_1_116' title='bbox 985 1257 1221 1308; x_wconf 84' lang='grc' dir='ltr'><em>θρυλλίζοι.</em></span> 
     </span>
     <span class='ocr_line' id='line_1_18' title="bbox 182 1319 1317 1379; baseline -0.003 -15"><span class='ocrx_word' id='word_1_117' title='bbox 182 1323 251 1367; x_wconf 84' lang='grc' dir='ltr'><em>σοὶ</em></span> <span class='ocrx_word' id='word_1_118' title='bbox 270 1321 312 1366; x_wconf 91' lang='grc' dir='ltr'><em>δ’</em></span> <span class='ocrx_word' id='word_1_119' title='bbox 333 1321 601 1379; x_wconf 81' lang='grc' dir='ltr'><em>αὐτάγρετόν</em></span> <span class='ocrx_word' id='word_1_120' title='bbox 621 1324 710 1366; x_wconf 90' lang='grc' dir='ltr'><em>ἐστι</em></span> <span class='ocrx_word' id='word_1_121' title='bbox 731 1321 964 1378; x_wconf 78' lang='grc' dir='ltr'><em>δαήμεναι,</em></span> <span class='ocrx_word' id='word_1_122' title='bbox 992 1319 1082 1364; x_wconf 87' lang='grc' dir='ltr'><em>όττι</em></span> <span class='ocrx_word' id='word_1_123' title='bbox 1101 1321 1317 1377; x_wconf 77' lang='grc' dir='ltr'><em>μενοινᾷς.</em></span> 
     </span>
     <span class='ocr_line' id='line_1_19' title="bbox 183 1387 1508 1448; baseline -0.004 -13"><span class='ocrx_word' id='word_1_124' title='bbox 183 1392 255 1435; x_wconf 82' lang='grc' dir='ltr'><em>καὶ</em></span> <span class='ocrx_word' id='word_1_125' title='bbox 272 1391 339 1434; x_wconf 78' lang='grc' dir='ltr'><em>τοὶ</em></span> <span class='ocrx_word' id='word_1_126' title='bbox 358 1389 442 1448; x_wconf 85' lang='grc' dir='ltr'><em>ἐγω</em></span> <span class='ocrx_word' id='word_1_127' title='bbox 464 1389 589 1434; x_wconf 86' lang='grc' dir='ltr'><em>δωσω</em></span> <span class='ocrx_word' id='word_1_128' title='bbox 609 1389 793 1446; x_wconf 83' lang='grc' dir='ltr'><em>ταύτην,</em></span> <span class='ocrx_word' id='word_1_129' title='bbox 823 1387 930 1440; x_wconf 88' lang='grc' dir='ltr'><em>Διὸς</em></span> <span class='ocrx_word' id='word_1_130' title='bbox 949 1387 1029 1446; x_wconf 63' lang='lat' dir='ltr'><em>dy).</em></span> <span class='ocrx_word' id='word_1_131' title='bbox 1033 1407 1081 1432; x_wconf 92' lang='grc' dir='ltr'><em>αε</em></span> <span class='ocrx_word' id='word_1_132' title='bbox 1101 1390 1252 1442; x_wconf 83' lang='grc' dir='ltr'><em>κοῦρε</em></span> <span class='ocrx_word' id='word_1_133' title='bbox 1440 1395 1508 1430; x_wconf 76' lang='lat'><em>490</em></span> 
     </span>
     <span class='ocr_line' id='line_1_20' title="bbox 182 1455 1239 1516; baseline -0.005 -13"><span class='ocrx_word' id='word_1_134' title='bbox 182 1457 304 1516; x_wconf 82' lang='grc' dir='ltr'><em>ἡμεῖς</em></span> <span class='ocrx_word' id='word_1_135' title='bbox 326 1456 370 1502; x_wconf 90' lang='grc' dir='ltr'><em>δ’</em></span> <span class='ocrx_word' id='word_1_136' title='bbox 390 1456 491 1503; x_wconf 75' lang='grc' dir='ltr'><em>αὕτ’</em></span> <span class='ocrx_word' id='word_1_137' title='bbox 511 1455 633 1513; x_wconf 80' lang='grc' dir='ltr'><em>ὄρεός</em></span> <span class='ocrx_word' id='word_1_138' title='bbox 653 1476 697 1502; x_wconf 91' lang='grc' dir='ltr'><em>τε</em></span> <span class='ocrx_word' id='word_1_139' title='bbox 718 1459 791 1502; x_wconf 86' lang='grc' dir='ltr'><em>καὶ</em></span> <span class='ocrx_word' id='word_1_140' title='bbox 811 1456 1052 1514; x_wconf 88' lang='grc' dir='ltr'><em>ιπποβότου</em></span> <span class='ocrx_word' id='word_1_141' title='bbox 1070 1459 1239 1500; x_wconf 90' lang='grc' dir='ltr'><em>πεδίοιο</em></span> 
     </span>
     <span class='ocr_line' id='line_1_21' title="bbox 183 1522 1380 1584; baseline -0.004 -13"><span class='ocrx_word' id='word_1_142' title='bbox 183 1528 312 1584; x_wconf 89' lang='grc' dir='ltr'><em>βουσὶ</em></span> <span class='ocrx_word' id='word_1_143' title='bbox 330 1524 514 1584; x_wconf 82' lang='grc' dir='ltr'><em>νομοὺς,</em></span> <span class='ocrx_word' id='word_1_144' title='bbox 537 1524 763 1583; x_wconf 77' lang='grc' dir='ltr'><em>Εκάεργε,</em></span> <span class='ocrx_word' id='word_1_145' title='bbox 792 1525 1064 1583; x_wconf 87' lang='grc' dir='ltr'><em>νομεύσομεν</em></span> <span class='ocrx_word' id='word_1_146' title='bbox 1083 1522 1380 1580; x_wconf 84' lang='grc' dir='ltr'><em>αγραύλοισιν.</em></span> 
     </span>
     <span class='ocr_line' id='line_1_22' title="bbox 183 1593 1158 1651; baseline -0.003 -12"><span class='ocrx_word' id='word_1_147' title='bbox 183 1600 316 1641; x_wconf 86' lang='grc' dir='ltr'><em>ἔνθεν</em></span> <span class='ocrx_word' id='word_1_148' title='bbox 334 1593 428 1647; x_wconf 76' lang='grc' dir='ltr'><em>ἅλις</em></span> <span class='ocrx_word' id='word_1_149' title='bbox 446 1596 615 1648; x_wconf 80' lang='grc' dir='ltr'><em>τέξουσι</em></span> <span class='ocrx_word' id='word_1_150' title='bbox 634 1594 733 1651; x_wconf 83' lang='grc' dir='ltr'><em>βόες</em></span> <span class='ocrx_word' id='word_1_151' title='bbox 751 1593 948 1650; x_wconf 89' lang='grc' dir='ltr'><em>ταύροισι</em></span> <span class='ocrx_word' id='word_1_152' title='bbox 967 1603 1158 1650; x_wconf 87' lang='grc' dir='ltr'><em>μιγεῖσαι</em></span> 
     </span>
     <span class='ocr_line' id='line_1_23' title="bbox 183 1657 1280 1720; baseline -0.004 -13"><span class='ocrx_word' id='word_1_153' title='bbox 183 1666 343 1720; x_wconf 86' lang='grc' dir='ltr'><em>μίγδην</em></span> <span class='ocrx_word' id='word_1_154' title='bbox 361 1667 542 1720; x_wconf 86' lang='grc' dir='ltr'><em>θηλείας</em></span> <span class='ocrx_word' id='word_1_155' title='bbox 561 1680 606 1706; x_wconf 92' lang='grc' dir='ltr'><em>τε</em></span> <span class='ocrx_word' id='word_1_156' title='bbox 626 1664 699 1706; x_wconf 86' lang='grc' dir='ltr'><em>καὶ</em></span> <span class='ocrx_word' id='word_1_157' title='bbox 717 1661 925 1719; x_wconf 76' lang='grc' dir='ltr'><em>ἄρσενας·</em></span> <span class='ocrx_word' id='word_1_158' title='bbox 952 1659 1059 1705; x_wconf 78' lang='grc' dir='ltr'><em>οὐδέ</em></span> <span class='ocrx_word' id='word_1_159' title='bbox 1075 1666 1119 1704; x_wconf 90' lang='grc' dir='ltr'><em>τί</em></span> <span class='ocrx_word' id='word_1_160' title='bbox 1134 1673 1182 1703; x_wconf 93' lang='grc' dir='ltr'><em>σε</em></span> <span class='ocrx_word' id='word_1_161' title='bbox 1199 1657 1280 1715; x_wconf 89' lang='grc' dir='ltr'><em>χρὴ</em></span> 
     </span>
     <span class='ocr_line' id='line_1_24' title="bbox 185 1729 1509 1787; baseline -0.006 -11"><span class='ocrx_word' id='word_1_162' title='bbox 185 1733 420 1786; x_wconf 87' lang='grc' dir='ltr'><em>κερδαλέον</em></span> <span class='ocrx_word' id='word_1_163' title='bbox 439 1748 520 1786; x_wconf 90' lang='grc' dir='ltr'><em>περ</em></span> <span class='ocrx_word' id='word_1_164' title='bbox 540 1729 665 1775; x_wconf 88' lang='grc' dir='ltr'><em>ἐόντα</em></span> <span class='ocrx_word' id='word_1_165' title='bbox 686 1732 978 1787; x_wconf 76' lang='grc' dir='ltr'><em>περιζαμενῶς</em></span> <span class='ocrx_word' id='word_1_166' title='bbox 998 1731 1281 1785; x_wconf 76' lang='grc' dir='ltr'><em>κεχολῶσθαι.</em></span> <span class='ocrx_word' id='word_1_167' title='bbox 1442 1735 1509 1770; x_wconf 71' lang='lat'><em>495</em></span> 
     </span>
    </p>

    <p class='ocr_par' dir='ltr' id='par_1_3' title="bbox 179 1793 1511 2263">
     <span class='ocr_line' id='line_1_25' title="bbox 276 1793 1427 1853; baseline -0.004 -12"><span class='ocrx_word' id='word_1_168' title='bbox 276 1797 354 1850; x_wconf 68' lang='grc' dir='ltr'><em>Ὣς</em></span> <span class='ocrx_word' id='word_1_169' title='bbox 375 1797 510 1843; x_wconf 76' lang='grc' dir='ltr'><em>εἰπών</em></span> <span class='ocrx_word' id='word_1_170' title='bbox 538 1796 687 1853; x_wconf 75' lang='grc' dir='ltr'><em>ὤρεξ’·</em></span> <span class='ocrx_word' id='word_1_171' title='bbox 714 1795 736 1842; x_wconf 86' lang='grc' dir='ltr'>ὁ</span> <span class='ocrx_word' id='word_1_172' title='bbox 758 1802 784 1842; x_wconf 92' lang='grc' dir='ltr'><em>δ</em></span> <span class='ocrx_word' id='word_1_173' title='bbox 791 1797 800 1812; x_wconf 82' lang='grc'><strong><em>’</em></strong></span> <span class='ocrx_word' id='word_1_174' title='bbox 822 1800 994 1850; x_wconf 81' lang='grc' dir='ltr'><em>ἐδέξατο</em></span> <span class='ocrx_word' id='word_1_175' title='bbox 1017 1801 1178 1853; x_wconf 82' lang='grc' dir='ltr'><em>Φοῖβος</em></span> <span class='ocrx_word' id='word_1_176' title='bbox 1194 1793 1427 1847; x_wconf 74' lang='grc' dir='ltr'><em>Ἀπόλλων,</em></span> 
     </span>
     <span class='ocr_line' id='line_1_26' title="bbox 179 1863 1209 1923; baseline -0.003 -13"><span class='ocrx_word' id='word_1_177' title='bbox 179 1864 312 1923; x_wconf 76' lang='grc' dir='ltr'><em>Ἐρμῇ</em></span> <span class='ocrx_word' id='word_1_178' title='bbox 332 1870 358 1911; x_wconf 92' lang='grc' dir='ltr'><em>δ</em></span> <span class='ocrx_word' id='word_1_179' title='bbox 364 1865 372 1880; x_wconf 87' lang='lat'>&#39;</span> <span class='ocrx_word' id='word_1_180' title='bbox 396 1865 649 1923; x_wconf 79' lang='grc' dir='ltr'><em>ἐγγυάλιξεν</em></span> <span class='ocrx_word' id='word_1_181' title='bbox 670 1871 783 1922; x_wconf 82' lang='grc' dir='ltr'><em>ἔχειν</em></span> <span class='ocrx_word' id='word_1_182' title='bbox 803 1865 988 1923; x_wconf 87' lang='grc' dir='ltr'><em>μάστιγα</em></span> <span class='ocrx_word' id='word_1_183' title='bbox 1009 1863 1209 1921; x_wconf 67' lang='grc' dir='ltr'><em>φαεινὴν,</em></span> 
     </span>
     <span class='ocr_line' id='line_1_27' title="bbox 186 1928 1326 1991; baseline -0.004 -13"><span class='ocrx_word' id='word_1_184' title='bbox 186 1939 417 1991; x_wconf 83' lang='grc' dir='ltr'><em>βουκολίας</em></span> <span class='ocrx_word' id='word_1_185' title='bbox 437 1932 476 1978; x_wconf 85' lang='grc' dir='ltr'><em>τ’</em></span> <span class='ocrx_word' id='word_1_186' title='bbox 498 1936 724 1978; x_wconf 90' lang='grc' dir='ltr'><em>ἐπέτελλεν</em></span> <span class='ocrx_word' id='word_1_187' title='bbox 737 1946 747 1956; x_wconf 91' lang='grc'><em>·</em></span> <span class='ocrx_word' id='word_1_188' title='bbox 776 1937 924 1978; x_wconf 83' lang='grc' dir='ltr'><em>ἔδεκτο</em></span> <span class='ocrx_word' id='word_1_189' title='bbox 945 1934 991 1978; x_wconf 77' lang='grc' dir='ltr'><em>δὲ</em></span> <span class='ocrx_word' id='word_1_190' title='bbox 1011 1932 1215 1982; x_wconf 83' lang='grc' dir='ltr'><em>Μαιάδος</em></span> <span class='ocrx_word' id='word_1_191' title='bbox 1233 1928 1326 1981; x_wconf 78' lang='grc' dir='ltr'><em>υίὸς</em></span> 
     </span>
     <span class='ocr_line' id='line_1_28' title="bbox 185 1996 1327 2059; baseline -0.004 -13"><span class='ocrx_word' id='word_1_192' title='bbox 185 2001 404 2059; x_wconf 82' lang='grc' dir='ltr'><em>γηθήσας·</em></span> <span class='ocrx_word' id='word_1_193' title='bbox 432 2007 612 2056; x_wconf 85' lang='grc' dir='ltr'><em>κίθαριν</em></span> <span class='ocrx_word' id='word_1_194' title='bbox 634 2002 680 2046; x_wconf 72' lang='grc' dir='ltr'><em>δὲ</em></span> <span class='ocrx_word' id='word_1_195' title='bbox 700 2000 849 2057; x_wconf 78' lang='grc' dir='ltr'><em>λαβὼν</em></span> <span class='ocrx_word' id='word_1_196' title='bbox 870 1999 943 2046; x_wconf 79' lang='grc' dir='ltr'><em>ἐπ’</em></span> <span class='ocrx_word' id='word_1_197' title='bbox 964 1999 1167 2056; x_wconf 73' lang='grc' dir='ltr'><em>ἀριστερὰ</em></span> <span class='ocrx_word' id='word_1_198' title='bbox 1186 1996 1327 2055; x_wconf 87' lang='grc' dir='ltr'><em>χειρὸς</em></span> 
     </span>
     <span class='ocr_line' id='line_1_29' title="bbox 187 2067 1511 2126; baseline -0.004 -13"><span class='ocrx_word' id='word_1_199' title='bbox 187 2072 356 2126; x_wconf 81' lang='grc' dir='ltr'><em>Λητοῦς</em></span> <span class='ocrx_word' id='word_1_200' title='bbox 375 2068 533 2126; x_wconf 80' lang='grc' dir='ltr'><em>ἀγλαὸς</em></span> <span class='ocrx_word' id='word_1_201' title='bbox 551 2068 662 2123; x_wconf 65' lang='grc' dir='ltr'><em>υίὸς.</em></span> <span class='ocrx_word' id='word_1_202' title='bbox 692 2067 799 2122; x_wconf 73' lang='grc' dir='ltr'><em>ἅναξ</em></span> <span class='ocrx_word' id='word_1_203' title='bbox 820 2068 1022 2126; x_wconf 84' lang='grc' dir='ltr'><em>ἑκάεργος</em></span> <span class='ocrx_word' id='word_1_204' title='bbox 1039 2067 1271 2121; x_wconf 71' lang='grc' dir='ltr'><em>Ἀπόλλων,</em></span> <span class='ocrx_word' id='word_1_205' title='bbox 1444 2074 1511 2108; x_wconf 83' lang='grc'><em>500</em></span> 
     </span>
     <span class='ocr_line' id='line_1_30' title="bbox 187 2131 1327 2196; baseline -0.004 -15"><span class='ocrx_word' id='word_1_206' title='bbox 187 2136 390 2196; x_wconf 77' lang='grc' dir='ltr'><em>πλήκτρῳ</em></span> <span class='ocrx_word' id='word_1_207' title='bbox 410 2137 645 2193; x_wconf 83' lang='grc' dir='ltr'><em>ἐπειρήτιζε</em></span> <span class='ocrx_word' id='word_1_208' title='bbox 665 2136 773 2180; x_wconf 83' lang='grc' dir='ltr'><em>κατὰ</em></span> <span class='ocrx_word' id='word_1_209' title='bbox 792 2139 940 2194; x_wconf 87' lang='grc' dir='ltr'><em>μέρος·</em></span> <span class='ocrx_word' id='word_1_210' title='bbox 968 2133 995 2192; x_wconf 83' lang='grc' dir='ltr'>ἡ</span> <span class='ocrx_word' id='word_1_211' title='bbox 1021 2134 1060 2180; x_wconf 82' lang='grc' dir='ltr'><em>δ’</em></span> <span class='ocrx_word' id='word_1_212' title='bbox 1082 2133 1166 2179; x_wconf 86' lang='grc' dir='ltr'><em>ὑπὸ</em></span> <span class='ocrx_word' id='word_1_213' title='bbox 1185 2131 1327 2191; x_wconf 81' lang='grc' dir='ltr'><em>χειρὸς</em></span> 
     </span>
     <span class='ocr_line' id='line_1_31' title="bbox 188 2202 1250 2263; baseline -0.004 -13"><span class='ocrx_word' id='word_1_214' title='bbox 188 2204 360 2263; x_wconf 72' lang='grc' dir='ltr'><em>ἱμερόεν</em></span> <span class='ocrx_word' id='word_1_215' title='bbox 383 2204 616 2261; x_wconf 87' lang='grc' dir='ltr'><em>κονάβησε·</em></span> <span class='ocrx_word' id='word_1_216' title='bbox 643 2202 747 2255; x_wconf 83' lang='grc' dir='ltr'><em>θεὸς</em></span> <span class='ocrx_word' id='word_1_217' title='bbox 769 2207 794 2247; x_wconf 91' lang='grc' dir='ltr'><em>δ</em></span> <span class='ocrx_word' id='word_1_218' title='bbox 803 2203 811 2216; x_wconf 85' lang='lat'>⁷</span> <span class='ocrx_word' id='word_1_219' title='bbox 832 2202 917 2248; x_wconf 82' lang='grc' dir='ltr'><em>ὑπὸ</em></span> <span class='ocrx_word' id='word_1_220' title='bbox 937 2203 1071 2248; x_wconf 84' lang='grc' dir='ltr'><em>καλὸν</em></span> <span class='ocrx_word' id='word_1_221' title='bbox 1090 2202 1250 2247; x_wconf 74' lang='grc' dir='ltr'><em>ἄειδεν.</em></span> 
     </span>
    </p>

    <p class='ocr_par' dir='ltr' id='par_1_4' title="bbox 189 2271 1312 2398">
     <span class='ocr_line' id='line_1_32' title="bbox 277 2271 1312 2328; baseline -0.005 -11"><span class='ocrx_word' id='word_1_222' title='bbox 277 2272 419 2317; x_wconf 80' lang='grc' dir='ltr'><em>’Ἔνθα</em></span> <span class='ocrx_word' id='word_1_223' title='bbox 438 2271 542 2328; x_wconf 88' lang='grc' dir='ltr'><em>βόας</em></span> <span class='ocrx_word' id='word_1_224' title='bbox 561 2272 640 2328; x_wconf 77' lang='grc' dir='ltr'><em>μὲν</em></span> <span class='ocrx_word' id='word_1_225' title='bbox 665 2277 811 2316; x_wconf 80' lang='grc' dir='ltr'><em>ἔπειτα</em></span> <span class='ocrx_word' id='word_1_226' title='bbox 830 2273 928 2315; x_wconf 87' lang='grc' dir='ltr'><em>ποτὶ</em></span> <span class='ocrx_word' id='word_1_227' title='bbox 947 2271 1105 2325; x_wconf 85' lang='grc' dir='ltr'><em>ζάθεον</em></span> <span class='ocrx_word' id='word_1_228' title='bbox 1123 2272 1312 2326; x_wconf 73' lang='grc' dir='ltr'><em>λειμῶνα</em></span> 
     </span>
     <span class='ocr_line' id='line_1_33' title="bbox 189 2337 1264 2398; baseline -0.007 -12"><span class='ocrx_word' id='word_1_229' title='bbox 189 2342 446 2398; x_wconf 81' lang='grc' dir='ltr'><em>ἐτραπέτην·</em></span> <span class='ocrx_word' id='word_1_230' title='bbox 475 2337 598 2383; x_wconf 77' lang='grc' dir='ltr'><em>αὐτοὶ</em></span> <span class='ocrx_word' id='word_1_231' title='bbox 619 2339 685 2390; x_wconf 73' lang='grc' dir='ltr'><em>δὲ,</em></span> <span class='ocrx_word' id='word_1_232' title='bbox 715 2338 822 2389; x_wconf 82' lang='grc' dir='ltr'><em>Διὸς</em></span> <span class='ocrx_word' id='word_1_233' title='bbox 842 2340 1102 2391; x_wconf 86' lang='grc' dir='ltr'><em>περικαλλέα</em></span> <span class='ocrx_word' id='word_1_234' title='bbox 1121 2339 1264 2382; x_wconf 84' lang='grc' dir='ltr'><em>τέκνα.</em></span> 
     </span>
    </p>
   </div>
  </div>
 </body>
</html>
