1619 2556
491 123 991 157 BATPAXOMTOMfflA
1328 115 1340 149 1
1352 113 1400 151 01

79 232 245 286 σκάζων
264 234 311 276 ἐκ
331 231 522 286 πολέμου
541 225 788 306 ανεχάζετο.
817 233 982 283 τείρετο
1003 224 1046 270 δ’
1067 230 1220 277 αι’νῶς·
1310 231 1405 279 [250]

79 298 210 356 ἥλατο
231 296 273 344 δ’
295 300 337 349 ἐς
353 296 574 353 τάφρους,
605 292 754 346 ὅππως
774 295 894 352 φύγῃ
915 293 1051 338 αἰπυν
1071 292 1270 349 ὄλεθρον.

85 367 338 422 Τρωξάρτης
359 363 399 409 δ’
421 369 577 420 ἔβαλεν
598 368 888 419 Φυσίγναθον
908 365 950 413 ἐς
969 360 1122 406 πόδα
1104 361 1251 418 άκρον.
1340 373 1407 406 250

80 440 236 491 ἔσχατα
257 437 283 478 δ
289 431 298 446 ’
320 435 366 478 ἐκ
386 437 539 489 λίμνης
563 428 807 475 άνεδύσατο
822 466 832 482 ,
863 435 1026 486 τείρετο
1051 428 1094 474 δ’
1117 433 1271 481 αἰνῶς·

81 502 1227 531 ****************

80 575 330 624 Πρασσαῐος
352 565 394 611 δ’
418 564 473 618 ὥς
493 568 610 611 εἶδεν
630 564 701 610 ἔθ’
724 564 943 623 ἡμίπνουν
964 564 1254 621 προπεσόντα,

56 639 60 641 “
80 631 189 694 ἦλθε
211 635 281 682 διὰ
300 634 535 692 προμάχων
553 635 627 678 καὶ
645 631 873 678 ἀκόντισεν
891 630 978 686 ὀξέι
998 639 1157 692 σχοίνῳ
1170 645 1179 655 ·
1310 636 1407 688 [255]

81 702 179 748 οὐδ’
200 705 350 761 ἔρρηξε
370 702 519 759 σάκος,
549 703 671 759 σχέτο
693 706 718 746 6
726 700 735 715 ⁹
757 699 892 745 αὐτοῦ
913 700 1069 758 δουρὸς
1088 699 1255 758 ἀκωκή·

81 775 158 817 τοῦ
179 770 219 816 δ’
241 776 369 828 ἔβαλε
389 770 658 827 τρυφάλειαν
678 768 879 827 ἀμύμονα
907 770 979 814 καὶ
997 768 1290 826 τετράχυτρον
1342 780 1406 812 255

83 843 173 890 δῖος
191 837 470 896 Όριγανίων,
500 836 762 895 μιμούμενος
782 835 917 881 αὐτὸν
933 835 1086 894 ”Αρηα,

81 905 143 958 ῐὃς
162 907 291 964 μόνος
312 910 360 951 ἐν
371 906 657 991 βατράχοισιν
678 903 908 963 άρίστευεν
926 902 1034 950 καθ’
1055 903 1209 962 ὅμιλον
1219 907 1244 958 ·]
1313 906 1409 959 [259]

82 989 283 1032 ωρμησεν
304 973 345 1019 δ’
365 972 438 1055 ἄρ’
460 972 528 1019 ἐπ’
549 972 703 1018 αὐτόν·
740 971 762 1017 ὁ
789 971 834 1018 δ’
855 991 911 1024 ως
930 976 1046 1028 ἴδεν,
1077 970 1155 1029 οὐχ
1174 970 1410 1029 ὑπέμεινεν

84 1041 202 1100 ἥρωα
226 1039 561 1100 κρατερόφρον’
592 1045 669 1086 ἔδυ
690 1039 733 1085 δ’
755 1044 802 1086 ἐν
822 1043 1003 1097 βένθεσι
1022 1045 1187 1097 λίμνης.

166 1104 246 1154 Ἠν
266 1110 315 1156 δέ
332 1127 396 1161 τις
416 1112 464 1154 ἐν
483 1109 638 1167 μύεσιν
648 1108 953 1165 Μεριδάρπαξ,
976 1110 1126 1189 ἔξοχος
1136 1106 1295 1163 ἄλλων,
1341 1117 1410 1151 260

86 1182 303 1235 Κρείωνος
322 1182 447 1234 φίλος
465 1176 558 1228 υιός
577 1174 798 1234 άμύμονος
814 1175 1167 1233 Ἀρτεπιβούλὸυ,
1312 1177 1409 1228 [263]

82 1251 103 1276 *
122 1244 266 1291 οἴκαδ’
289 1244 368 1291 ἰών
386 1245 590 1302 πολέμοιο
609 1255 839 1301 μετασχεῖν
858 1241 983 1289 παῖδ’
1004 1243 1233 1289 ἐκέλευσεν

82 1318 103 1343 *
124 1312 254 1365 αὐτὸς
275 1311 317 1358 δ’
340 1312 507 1370 ἑστήκει
525 1312 824 1369 γαυρούμενος
845 1310 901 1364 ὡς
925 1310 1032 1356 κατα
1053 1317 1212 1368 λίμνην
1235 1338 1291 1342 -

82 1375 208 1433 οὗτος
227 1379 472 1437 ἄναρπάξαι
492 1380 722 1437 βατράχων
740 1379 897 1438 γενεὴν
918 1383 1162 1425 ἐπαπείλει·

83 1451 155 1494 καὶ
176 1449 304 1506 ῥήξας
323 1447 490 1506 καρύου
510 1449 674 1505 μέσσην
694 1448 821 1505 ῥάχιν
841 1453 902 1500 εἰς
923 1448 1001 1492 δύο
1021 1453 1173 1504 μοίρας
1345 1458 1411 1493 265

83 1522 105 1547 *
125 1517 330 1574 φράγδην
348 1514 661 1573 ἀμφοτέροισιν
680 1519 728 1560 ἐν
748 1515 880 1573 ὤμοις
897 1527 1044 1573 χεῖρας
1063 1520 1225 1571 ἔθηκεν
1238 1527 1248 1537 ·
1342 1510 1347 1516 ’

84 1589 129 1630 οἶ
148 1585 195 1629 δὲ
214 1584 340 1641 τάχος
360 1587 580 1636 δείσαντες
605 1590 712 1641 ἔβαν
730 1584 889 1635 πάντες
907 1582 1014 1628 κατὰ
1035 1588 1214 1640 λίμνην·

85 1658 162 1698 καί
175 1651 231 1696 νύ
251 1671 328 1696 κεν
347 1652 638 1707 ἐξετέλεσσεν,
669 1653 761 1697 ἐπεὶ
783 1651 892 1709 μέγα
911 1655 956 1696 οἷ
973 1650 1132 1702 σθένος
1151 1645 1242 1708 ἦεν,
1315 1654 1412 1704 [268]

85 1725 125 1764 εἰ
142 1719 199 1806 μὴ
223 1718 294 1776 ἄρ’
314 1717 391 1773 ὀξὺ
409 1719 541 1777 νόησε
561 1719 701 1777 πατὴρ
720 1717 898 1777 ἀνδρῶν
916 1738 962 1764 τε
982 1722 1105 1764 θεῶν
1122 1737 1180 1763 τε.

84 1789 155 1832 καὶ
175 1785 264 1831 τότ’
287 1785 614 1845 απολλυμένους
633 1787 877 1844 βατράχους
899 1785 1077 1847 ᾤκτειρε
1097 1791 1320 1843 Κρονίων·
1345 1796 1413 1830 270

83 1854 261 1913 κινήσας
283 1855 329 1900 δε
348 1855 459 1937 κάρη
479 1861 602 1913 τοίην
622 1855 864 1912 ἐφθέγξατο
883 1854 1058 1912 φωνήν·

177 1920 231 1966 Ὦ
251 1922 405 1979 πόποι,
432 1925 457 1980 ἠ
478 1923 587 1980 μέγα
607 1928 735 1979 ἔργον
755 1926 802 1968 ἐν
821 1921 1119 1980 ὀφθαλμοισιν
1138 1919 1328 1979 ὁρωμαι

83 1987 135 2034 ού
155 1990 312 2048 μικρὸν
331 1990 562 2048 ἐκπλήσσει
582 1990 875 2047 Μεριδάρπαξ
889 2026 899 2046 ,
928 1989 975 2042 ὂς
993 1989 1103 2036 κατὰ
1121 1994 1281 2047 λίμνην

83 2057 223 2114 ἅρπαξ
244 2060 292 2103 ἐν
310 2058 594 2115 βατράχοισιν
613 2056 858 2115 ἀμείβεται·
886 2057 995 2103 ἄλλα
1013 2058 1190 2116 τάχιστα

83 2125 296 2170 Παλλάδα
315 2126 556 2183 πέμψωμεν
575 2126 920 2184 πολεμόκλονον,
951 2124 978 2183 ἢ
996 2128 1069 2171 καὶ
1086 2124 1239 2182 ”Αρηα,
1347 2133 1414 2170 275

84 2197 130 2239 οἵ
145 2212 221 2250 μιν
241 2194 523 2251 ἐπισχήσουσι
543 2194 678 2251 μάχης
698 2194 910 2251 κρατερόν
932 2211 1013 2251 περ
1035 2193 1172 2239 ἐόντα.

177 2259 254 2313 Ὣις
273 2259 346 2318 ἄρ’
369 2267 451 2319 ἔφη
471 2266 711 2319 Κρονίδης·
737 2261 850 2318 ”Ήρη
872 2260 913 2306 δ’
934 2259 1196 2319 ἀπαμείβετο
1216 2262 1384 2317 μῦθον·

87 2326 196 2373 Οῧτ’
217 2327 290 2386 ἄρ’
309 2327 565 2387 Ἀθηναίης,
594 2334 814 2387 Κρονίδη,
843 2329 1020 2385 σθένος,
1049 2327 1150 2373 οὔτε
1170 2327 1325 2384 ”Αρηος
