1619 2556
168 90 218 129 40
584 101 644 132 1v.
678 100 758 132 ΕΙΣ
783 99 1076 133 ΑΦΡΟΔΙΤΗΝ.

168 201 194 261 ἣ
215 205 266 249 δέ
280 222 325 248 τε.
346 203 617 260 παρθενικὰς
637 202 909 261 ἁπαλόχροας
929 207 976 249 ἐν
995 204 1248 261 μεγάροισιν

168 271 306 329 ἀγλαὰ
326 270 417 328 ἔργ’
441 274 640 325 ἐδίδαξεν
661 273 731 316 ἐπὶ
756 274 886 329 φρεσὶ
904 279 1034 317 θεῖσα
1055 272 1222 330 ἑκάστῃ.

169 338 274 385 οὐδέ
290 338 389 384 ποτ’
409 339 635 397 Ἀρτέμιδα
655 340 985 397 χρυσηλάκατον
1003 339 1260 397 κελαδεινὴν

169 406 382 465 δάμναται
404 410 450 451 ἐν
470 408 668 465 φιλότητι
688 408 974 465 φιλομμειδὴς
991 407 1232 465 Ἀφροδίτη.

169 476 239 520 καὶ
258 475 340 533 γὰρ
361 477 415 532 τῇ
435 474 513 520 ἅδε
533 475 630 529 τόξα
655 478 728 520 καὶ
745 475 894 533 οὔρεσι
912 480 1054 534 θῆρας
1075 478 1279 531 ἐναίρειν.

171 543 405 601 φόρμιγγές
424 561 470 588 τε
490 550 613 600 χοροί
628 562 673 588 τε
695 543 949 600 διαπρύσιοί
963 542 1002 589 τ’
1023 542 1228 600 ὀλολυγαὶ

170 610 302 657 ἄλσεά
318 630 364 656 τε
385 610 584 656 σκιόεντα
606 615 788 657 δικαίων
808 630 853 656 τε
875 612 1022 663 πτόλις
1042 609 1230 667 ἀνδρῶν.

170 678 272 725 οὐδὲ
292 680 374 738 μὲν
393 684 538 738 αἰδοίῃ
558 679 694 738 κούρῃ
715 679 822 725 ἅδεν
842 678 935 737 ἔργ’
954 678 1222 737 Ἀφροδίτης,

168 744 291 806 Ἱστίῃ
305 783 315 803 ,
345 745 399 805 ἣν
419 748 595 805 πρώτην
613 751 758 793 τέκετο
781 748 951 804 Κρόνος
970 746 1283 805 ἀγκυλομήτης,

169 817 374 872 πότνιαν,
404 814 457 872 ἣν
481 819 672 873 ἐμνῶντο
693 816 952 861 Ποσειδάων
971 817 1043 860 καὶ
1061 815 1296 860 Ἀπόλλων·

169 882 195 942 ἡ
215 884 262 930 δὲ
282 882 384 941 μάλ’
406 882 487 928 οὐκ
506 889 660 929 ἔθελεν
673 920 682 931 .
711 883 819 929 ἀλλὰ
840 888 1023 941 στερεῶς
1043 881 1268 929 ἀπέειπεν·

172 951 312 1010 ὤμοσε
333 952 379 996 δὲ
400 954 537 1009 μέγαν
557 951 710 1008 ὅρκον,
741 950 765 996 ὂ
785 952 836 1009 δὴ
857 954 1156 1010 τετελεσμένος
1177 954 1308 998 ἐστὶν.

171 1018 370 1078 ἁψαμένη
392 1024 580 1077 κεφαλῆς
601 1020 761 1077 πατρὸς
782 1020 889 1071 Διὸς
909 1019 1131 1077 αἰγιόχοιο,

170 1090 390 1145 παρθένος
410 1093 616 1133 ἔσσεσθαι
637 1087 765 1133 πάντ’
786 1087 945 1146 ἤματα,
976 1092 1047 1133 δῖα
1066 1088 1226 1133 θεάων.

169 1160 222 1215 τῇ
243 1156 290 1202 δὲ
308 1155 447 1212 πατὴρ
469 1155 577 1208 Ζευς
599 1161 708 1202 δῶκε
730 1156 865 1202 καλὸν
884 1159 1013 1214 γέρας
1032 1154 1129 1200 ἀντὶ
1146 1155 1314 1214 γάμοιο,

170 1231 247 1270 καί
261 1243 307 1269 τε
327 1226 443 1284 μέσῳ
464 1232 569 1284 οἴκῳ
590 1224 686 1270 κατ’
708 1224 779 1281 ἄρ’
801 1228 912 1280 ἕζετο
934 1235 1038 1281 πῖαρ
1060 1226 1227 1269 ἑλοῦσα.

170 1295 303 1338 πᾶσιν
325 1291 367 1336 δ’
391 1296 437 1337 ἐν
458 1304 600 1350 νηοῖσι
619 1297 740 1338 θεῶν
759 1292 958 1350 τιμάοχός
978 1295 1081 1348 ἐστι,

169 1362 241 1406 καὶ
260 1360 376 1416 παρὰ
396 1364 500 1405 πᾶσι
520 1367 711 1418 βροτοῖσι
731 1364 852 1406 θεῶν
871 1363 1106 1418 πρέσβειρα
1127 1362 1336 1405 τέτυκται.

169 1429 286 1473 τάων
305 1427 356 1473 οὐ
378 1428 560 1474 δύναται
581 1437 788 1475 πεπιθεῖν
808 1431 971 1486 φρένας
991 1426 1089 1474 οὐδ’
1110 1426 1346 1485 ἀπατῆσαι·

169 1501 256 1541 τῶν
276 1501 302 1541 δ
310 1496 318 1511 ’
339 1495 484 1542 ἄλλων
503 1496 639 1555 οὕπερ
658 1518 698 1542 τι
717 1499 999 1554 πεφυγμένον
1018 1493 1105 1542 ἔστ’
1126 1494 1385 1554 Ἀφροδίτην

170 1564 269 1610 οὔτε
288 1569 410 1611 θεῶν
429 1566 637 1623 μακάρων
660 1564 761 1610 οὔτε
779 1568 960 1622 θνητῶν
979 1563 1243 1622 ἀνθρώπων.

170 1639 245 1679 καί
263 1652 308 1678 τε
328 1633 464 1690 παρὲκ
484 1634 622 1691 Ζηνὸς
642 1635 745 1679 νόον
765 1632 897 1691 ἤγαγε
917 1633 1274 1690 τερπικεραύνου,

169 1700 267 1746 ὅστε
287 1701 484 1759 μέγιστός
504 1701 543 1746 τ’
567 1704 675 1752 ἐστὶ,
703 1706 904 1759 μεγίστης
925 1699 964 1745 τ’
987 1706 1144 1758 ἔμμορε
1164 1704 1307 1758 τιμῆς·

170 1776 245 1815 καί
261 1788 306 1814 τε
326 1773 404 1813 τοῦ
416 1805 426 1825 ,
456 1764 552 1815 εὖτε
571 1773 716 1826 θέλοι,
746 1768 931 1821 πυκινὰς
951 1771 1116 1825 φρένας
1135 1772 1429 1825 ἐξαπαφοῦσα,

170 1841 348 1895 ῥηϊδίως
369 1842 569 1896 συνέμιξε
590 1840 891 1895 καταθνητῇσι
910 1838 1125 1894 γυναιξὶν,

159 1903 293 1963 ’Ἠρης
317 1909 640 1963 ἐκλελαθοῦσα,
674 1905 935 1963 κασιγνήτης
953 1903 1113 1962 ἀλόχου
1131 1923 1191 1957 τε,

170 1971 194 2031 ἣ
213 1975 322 2031 μέγα
344 1973 456 2023 εἶδος
477 1972 629 2032 ἆρίστη
649 1976 697 2019 ἐν
715 1972 962 2031 άθανατῃσι
980 1976 1122 2030 θεῇσι.

170 2045 380 2098 κυδίστην
400 2043 443 2086 δῖ
463 2041 546 2098 ἄρα
566 2061 641 2099 μιν
660 2045 805 2087 τέκετο
824 2041 993 2097 Κρόνος
1011 2038 1322 2098 ἀγκυλομήτης,

170 2109 307 2167 μήτηρ
327 2129 371 2154 τε
385 2107 516 2167 Ῥείη·
544 2110 654 2162 Ζεὺς
675 2108 717 2154 δ’
739 2108 907 2166 ἅφθιτα
925 2109 1063 2166 μήδεα
1084 2106 1210 2159 εἰδώς

171 2182 343 2235 αἰδοίην
361 2176 518 2235 ἄλοχον
537 2178 744 2235 ποιήσατο
763 2175 886 2222 κέδν’
909 2180 1090 2221 εἰδυῖαν.

168 2310 276 2366 αὖτις
300 2312 334 2357 δ’
358 2314 595 2367 ὁπλοτάτην.
619 2319 742 2372 βουλῇ
766 2311 859 2364 Διὸς
879 2317 1077 2367 αι’γιοχοιο,

1454 282 1494 316 15

1450 825 1494 858 24

1449 893 1493 927 25

1448 1574 1492 1608 35

1447 1916 1492 1949 40
