1619 2556
170 85 222 124 56
598 94 640 125 v.
675 92 756 125 ΕΙΣ
781 91 1060 124 ΔΗΜΗΤΡΑΝ.

170 199 351 243 ὤπασαν
370 196 606 247 ἀθάνατοι,
636 195 906 251 πολυάρητος
928 196 979 238 δέ
994 213 1063 251 μοι
1085 198 1213 239 ἐστίν.
1434 206 1500 238 220

171 273 211 312 εί
230 266 306 311 τόν
325 264 366 323 γ’
390 267 652 320 ἐκθρέψαιο,
680 265 752 308 καὶ
771 262 879 320 ἥβης
897 263 1056 319 μέτρον
1074 266 1225 318 ἵκοιτο,

171 329 196 392 ἦ
216 335 271 392 ῥά
290 353 338 379 κε
358 339 420 385 τίς
439 347 487 378 σε
507 335 662 378 ἰδοῦσα
680 333 906 389 γυναικῶν
926 331 1212 387 θηλυτεράων

171 402 354 461 ζηλώσαι
367 415 375 424 ·
405 401 508 446 τόσα
529 402 605 446 κέν
623 418 688 444 τοι
708 398 792 444 άπὸ
812 398 1057 456 θρεπτήρια
1079 403 1213 456 δοίην.

280 469 368 527 Τὴν
389 467 430 514 δ’
452 463 556 513 αὖτε
577 470 835 524 προσέειπεν
855 469 1119 523 ἐϋστέφανος
1139 467 1348 524 Δημήτηρ
1361 479 1371 488 “

172 541 243 584 καὶ
263 538 331 587 σὺ,
353 538 497 595 γύναι,
519 537 632 595 μάλα
653 547 789 593 χαῖρε.
810 536 907 580 θεοὶ
926 537 976 579 δέ
992 553 1057 580 τοι
1079 535 1216 580 ἐσθλὰ
1237 535 1424 591 πόροιεν.
1437 546 1502 580 225

173 611 309 652 παῖδα
330 609 380 651 δέ
396 624 460 650 τοι
481 605 695 661 πρόφρων
716 603 1001 659 ὑποδέξομαι,
1033 601 1090 654 ὥς
1111 622 1163 660 με
1184 603 1376 654 κελεύεις

173 672 422 730 θρέψασθ’·
451 672 503 717 οὔ
522 692 619 730 μιν.
651 679 806 718 ἔολπα.
836 675 1157 728 κακοφραδίῃσι
1178 671 1361 729 τιθήνης

174 742 269 788 οὔτ’
290 741 363 799 ἄρ’
386 745 596 799 ἐπηλυσίη
620 741 850 798 δηλήσεται
870 738 970 783 οὔτε
991 751 1190 796 τομαῖον·

173 813 270 857 οἶδα
291 811 372 868 γὰρ
392 808 627 867 ἀντίτομον
646 812 755 866 μέγα
776 810 989 865 φέρτερον
1008 805 1276 865 οὐλοτόμοιο,

174 881 215 925 οἷ
218 884 272 925 δα
295 877 339 923 δ’
361 881 596 935 ἐπηλυσίης
616 877 922 934 πολυπήμονος
943 874 1104 920 ἐσθλὸν
1124 874 1324 933 ἐρυσμόν.
1440 885 1505 919 230

266 946 344 998 ‘2529
364 945 447 1001 ἄρα
467 946 708 1003 φωνήσασα
727 944 901 989 θυώδεϊ
918 947 1066 997 δέξατο
1087 944 1236 1003 κόλπῳ

178 1021 324 1073 χερσίν
345 1013 384 1058 τ’
407 1012 654 1072 ἀθανάτῃσι
668 1027 677 1036 ·
704 1013 886 1070 γεγήθει
909 1013 954 1057 δὲ
975 1014 1117 1068 φρένα
1137 1013 1287 1070 μήτηρ.

177 1083 231 1136 [ὃς
252 1082 276 1141 ἡ
298 1084 377 1140 μὲν
396 1087 578 1127 Κελεοῖο
601 1086 838 1138 δαΐφρονος
856 1079 1020 1136 άγλαὸν
1039 1080 1150 1125 υίὸν.

177 1148 496 1209 Δημοφόωνθ’
523 1148 574 1194 ὃν
597 1155 764 1196 ἔτικτεν
785 1149 968 1204 ἐΰζωνος
988 1149 1257 1203 Μετάνειρα

177 1226 359 1276 ἔτρεφεν
379 1221 427 1263 ἐν
445 1218 671 1276 μεγάροις
701 1216 723 1262 ὁ
746 1216 790 1262 δ’
812 1216 956 1272 άέξετο
978 1221 1150 1274 δαίμονι
1173 1217 1275 1269 ἶσος,
1441 1228 1508 1261 235

176 1286 268 1332 οὔτ’
293 1289 374 1331 οὑν
396 1298 517 1331 σῖτον
539 1290 673 1338 ἔδων
703 1284 755 1330 οὐ
775 1286 1023 1343 θησάμενος
1044 1286 1168 1342 [γάλα
1187 1285 1365 1342 μητρός·

177 1354 284 1400 ἀλλὰ
303 1374 385 1412 γαρ
406 1354 545 1412 ἤματα
565 1357 645 1412 μέν
664 1374 739 1412 μιν
760 1356 1041 1410 ἐτ’στέφανος]
1061 1354 1269 1411 Δημήτηρ
1395 1363 1462 1397 236
1475 1361 1505 1396 b.

179 1422 340 1481 χρίεσκ’
361 1422 599 1481 ἀμβροσίῃ.
632 1421 733 1467 ὡσεὶ
752 1427 863 1466 θεοῦ
884 1425 1145 1479 ἐκγεγαῶτα.

179 1490 262 1549 ἡδὺ
281 1496 603 1536 καταπνείουσα
624 1493 695 1536 καὶ
717 1494 763 1535 ἐν
784 1491 1012 1535 κόλποισιν
1033 1495 1210 1547 ἔχουσα·

178 1560 338 1611 νύκτας
360 1560 406 1604 δὲ
427 1559 671 1616 κρύπτεσκε
692 1557 829 1615 πυρὸς
848 1562 968 1616 μένει
982 1594 991 1603 .
1023 1557 1126 1615 ἠΰτε
1148 1557 1297 1607 δαλόν,

179 1627 322 1684 λάθρα
342 1633 485 1684 φίλων
504 1629 693 1683 γονέων·
723 1639 811 1679 τοῖς
832 1628 877 1671 δὲ
898 1630 1006 1684 μέγα
1026 1624 1169 1683 θαῦμ’
1193 1627 1405 1680 ἐτέτυκτο,
1443 1636 1510 1669 240

179 1694 235 1748 ὡς
256 1694 480 1752 προθαλὴς
500 1698 732 1740 τελέθεσκε
747 1731 756 1742 .
786 1702 930 1740 θεοῖσι
951 1695 997 1740 δὲ
1017 1692 1126 1738 ἄντα
1146 1693 1283 1754 ἐῴκει.

179 1770 255 1809 καί
271 1767 346 1809 κέν
366 1782 441 1820 μιν
461 1769 642 1819 ποίησεν
661 1762 837 1820 ἀγήρων
857 1761 897 1807 τ’
918 1761 1143 1807 ἀθάνατόν
1164 1780 1224 1816 τε,

180 1838 219 1878 εἰ
238 1831 294 1890 μὴ
314 1829 386 1888 ἄρ’
409 1830 678 1888 ἀφραδίῃσιν
700 1830 883 1886 ἐΰζωνος
905 1831 1158 1885 [Μετάνειρα

181 1899 305 1945 νύκτ’
332 1899 624 1956 ἐπιτηρήσασα
644 1899 843 1951 θυώδεος
864 1903 909 1944 ἐκ
928 1899 1144 1957 θαλάμοιο

180 1972 388 2020 σκέψατο·
418 1967 617 2012 κώκυσεν
638 1968 684 2012 δὲ
705 1970 777 2012 καὶ
798 1967 927 2024 τ’ἔμφω
948 1967 1134 2024 πλήξατο
1153 1965 1275 2022 μηρώ
1444 1975 1510 2010 245

183 2034 349 2082 δείσασ’
373 2028 407 2094 ᾧ
427 2037 522 2090 περὶ
546 2037 670 2080 παιδὶ
691 2038 758 2079 καὶ
782 2034 927 2092 άάσθη
947 2038 1055 2092 μέγα
1076 2037 1222 2092 θυμῷ,

182 2111 258 2150 καί
274 2101 316 2159 ῥ’
336 2102 640 2160 ὀλοφυρομένη
660 2109 764 2148 ε”πεα
784 2104 1020 2159 πτερόεντα
1040 2101 1266 2159 προσηύδα
1279 2114 1289 2124 ·

290 2174 454 2217 Τέκνον
474 2171 727 2228 Δημοφόων
740 2208 748 2215 .
778 2175 896 2229 ξείνη
916 2187 961 2216 σε
985 2173 1090 2226 πυρὶ
1111 2177 1175 2215 ἔνι
1195 2172 1341 2228 πολλῷ

185 2240 363 2296 κρύπτει
377 2275 387 2290 ,
418 2241 509 2296 ἐμοὶ
532 2240 578 2284 δὲ
598 2240 703 2295 γόον
723 2241 794 2283 καὶ
814 2240 948 2296 κήδεα
969 2238 1106 2295 λυγρὰ
1126 2245 1315 2294 τίθησιν.

275 2307 352 2359 Ὦς
371 2305 476 2364 φάτ’
496 2306 763 2364 ὀδυρομένη·
791 2311 863 2365 τῆς
885 2306 928 2351 δ’
957 2306 1022 2351 ἄϊε
1045 2311 1116 2351 δῖα
1136 2306 1296 2351 θεάων.
1443 2315 1509 2350 250
