1619 2556
160 107 209 140 VI
682 109 967 142 PRAEFATIO.

159 208 266 247 serie
285 207 486 260 leguntur.
548 210 594 248 Id
616 210 723 262 quod
747 212 938 262 imprimis
965 211 1098 249 elucet
1119 212 1179 250 his
1202 213 1313 261 locis,
1340 213 1406 252 nbi
1426 221 1495 253 aut

159 277 285 304 novos
306 272 376 305 aut
401 280 562 319 prorsus
584 274 844 305 commutatos
865 279 1004 304 versus
1024 267 1269 319 suppeditat,
1297 283 1395 322 quos
1419 283 1494 321 ego

159 333 238 359 uno
255 328 425 374 excepto
442 322 541 371 loco,
563 322 631 361 ubi
649 334 770 360 causa
783 323 945 373 gravior
964 323 1190 369 intercedit,
1207 325 1494 375 praeferendos

160 376 350 428 vulgatae
375 386 415 417 et
437 379 478 416 iu
500 378 680 417 ordinem
701 378 953 429 recipiendos
977 380 1137 429 putavi3
1163 379 1257 419 vide
1280 381 1333 418 H.
1355 381 1492 432 Apoll.

158 432 281 483 Pyth.
306 439 369 474 147
382 432 408 480 ⁶,
431 441 509 483 344,
542 434 667 473 Mero.
690 439 769 481 288,
792 440 870 481 366,
893 440 970 475 563.
1031 434 1141 473 Idem
1167 435 1288 474 habet
1308 450 1387 474 uno
1409 437 1496 476 loeo

161 489 280 527 etiam
302 490 428 529 codex
457 490 768 536 Moscoviensis,
793 491 846 527 Π.
870 491 993 528 Merc.
1019 496 1099 539 458,
1120 497 1199 539 459,
1227 493 1349 530 ceteri
1371 492 1494 532 nullo,

161 542 333 583 Omnino
356 547 478 597 igitur
498 552 580 584 tota
602 546 702 583 ratio
729 546 952 597 scripturae
984 547 1287 586 constituendae
1316 548 1375 586 sic
1398 548 1494 587 defi-

161 600 309 639 nienda
342 608 421 649 est,
465 609 508 640 ut
536 602 726 652 expensis
760 603 864 640 inter
896 615 938 639 se
974 609 1012 639 et
1045 602 1217 654 expletis
1253 604 1494 642 lectionibus

161 657 422 695 Laurentiani
440 658 781 696 etMoseoviensis
798 658 1045 709 reperiamus
1067 658 1163 710 quid
1186 671 1344 711 quoque
1367 659 1454 698 loco
1473 673 1495 698 a

162 714 356 750 communi
376 713 513 751 horum
532 714 720 752 librorum
736 720 904 764 parente
923 713 1017 751 olim
1036 714 1157 752 fuerit
1175 715 1376 767 scriptum,
1401 715 1494 753 reli-

161 769 227 819 qui
254 776 386 807 autem
409 771 477 820 qui
502 771 759 808 innotuerunt
782 768 942 807 codices
965 769 1294 818 (Ambrosianus,
1318 770 1495 810 Parisini

159 830 240 862 tres
265 824 371 874 apud
393 825 622 873 Matthiam,
658 824 781 863 editio
807 826 993 876 princeps
1018 825 1274 873 Florentina,
1301 839 1405 878 quae
1431 839 1494 864 co·

161 879 260 917 dicis
284 881 408 918 instar
428 881 615 919 habenda
634 879 726 930 est),
753 882 847 933 quia
868 894 998 932 neque
1022 880 1112 919 il'los
1133 882 1218 919 ulla
1239 895 1282 920 re
1305 889 1496 932 superant

160 941 201 974 et
219 936 352 974 multis
376 937 476 974 locis
505 937 738 975 correctoris
763 950 921 974 manum
953 944 1044 975 sunt
1069 938 1246 988 experti,
1274 939 1312 975 in
1332 951 1496 976 censum

159 1003 237 1029 non
258 994 436 1030 veniant.
495 993 656 1030 Deinde
687 1005 782 1030 vero
812 994 853 1030 in
881 992 981 1030 locis
1003 994 1200 1044 corruptis
1226 1000 1265 1031 et
1294 993 1495 1032 lacunosis

159 1048 350 1086 utendum
374 1056 435 1086 est
458 1049 699 1099 conjectura,
732 1061 836 1100 quae
859 1061 976 1100 quam
998 1049 1080 1086 late
1102 1054 1240 1099 pateat
1267 1050 1306 1087 in
1328 1050 1388 1087 his
1410 1062 1495 1086 car-

158 1104 329 1142 minibus
355 1104 581 1157 quibusque
613 1104 756 1143 finibus
780 1104 962 1154 regunda
986 1105 1055 1151 sit,
1088 1104 1254 1142 difficile
1283 1110 1344 1143 est
1373 1104 1495 1143 dictu.

159 1158 264 1197 Nam
286 1166 377 1211 post
400 1166 455 1198 tot
476 1161 582 1198 viros
610 1168 650 1199 et
672 1159 855 1198 doctrina
879 1168 916 1198 et
943 1161 1094 1211 ingenii
1119 1161 1299 1198 acumine
1322 1161 1496 1198 maxime

159 1216 358 1266 insignes,
390 1217 458 1267 qui
489 1217 529 1254 in
560 1216 636 1253 hoc
669 1228 818 1266 genere
849 1216 1121 1264 elaborarunt,
1155 1217 1375 1254 Henricum
1406 1215 1490 1254 Ste—

158 1271 351 1323 phanum,
386 1272 641 1318 Barnesium,
678 1271 983 1318 Rulmkenium,
1019 1272 1238 1322 Ilgenium,
1272 1271 1494 1320 Matthiam,

159 1327 453 1376 Hermannum,
477 1328 676 1373 Vossium,
702 1327 933 1373 Frankium,
960 1327 1311 1366 Schneidewinum
1332 1348 1386 1355 --
1404 1333 1497 1379 post

159 1382 297 1420 horum
325 1383 412 1421 dico
435 1397 595 1434 operam
623 1383 969 1433 diligentissimam
1001 1385 1228 1421 etiamnunc
1252 1389 1407 1421 restant
1437 1389 1496 1421 tot

158 1438 236 1476 loci
258 1441 411 1488 aegroti
435 1447 474 1477 et
493 1439 742 1486 conclamati,
767 1445 811 1476 ut
830 1439 1070 1476 medicinam
1089 1446 1289 1490 repertum
1306 1439 1354 1476 iri
1373 1440 1493 1476 omni-

159 1494 231 1532 bus
254 1495 374 1544 plane
397 1495 692 1547 desperandum
714 1496 776 1534 sit.
837 1493 998 1541 Omitto,
1022 1494 1129 1546 quod
1149 1501 1312 1546 propter
1335 1493 1496 1532 dubiam

161 1557 200 1588 et
222 1550 428 1588 obscuram
452 1565 556 1603 quae
578 1557 638 1589 est
655 1550 705 1588 de
727 1550 954 1588 auctoribus
976 1557 1016 1589 et
1032 1550 1082 1588 de
1099 1556 1230 1588 aetate
1249 1550 1386 1587 horum
1410 1562 1495 1587 car-

161 1607 306 1644 minum
322 1609 550 1645 memoriam
572 1607 697 1644 multa
714 1619 818 1658 quae
835 1605 884 1643 ad
903 1606 1118 1644 dialectum
1141 1612 1180 1644 et
1198 1605 1248 1643 ad
1264 1606 1495 1643 universum

160 1674 286 1712 genus
309 1662 468 1701 dicendi
486 1663 702 1714 pertinent,
721 1661 955 1700 difficillime
974 1661 1266 1712 dijudicantur3
1290 1661 1391 1698 nihil
1409 1660 1496 1698 dico

160 1716 209 1755 de
235 1719 282 1756 iis
310 1717 637 1767 dubitationibus,
660 1730 763 1769 quae
780 1731 907 1769 nuper
924 1718 1164 1756 exstiterunt
1181 1717 1229 1755 de
1252 1719 1496 1767 argumentis

161 1772 437 1812 describendis
489 1782 528 1812 et
572 1774 622 1812 de
666 1775 842 1825 antiquis
883 1773 1258 1824 interpolationibus
1304 1773 1495 1822 majorum

160 1828 415 1882 hymnorumt,
440 1843 544 1882 quae
567 1830 727 1882 quidem
750 1830 880 1867 omnia
899 1835 1016 1880 prout
1035 1828 1141 1879 apud
1165 1835 1202 1866 te
1230 1828 1494 1874 constitueris,

160 1898 346 1935 magnum
377 1885 575 1937 quoddam
609 1885 659 1924 ad
682 1885 880 1936 judicium
911 1885 1129 1923 lectionum
1161 1884 1297 1922 valere
1326 1895 1495 1922 necesse

163 1946 234 1978 est.
294 1941 381 1991 Ego
409 1948 540 1979 autem
563 1955 683 1994 quum
706 1941 989 1991 intelligerem,
1013 1953 1130 1992 quam
1152 1939 1362 1990 scopuloso
1389 1938 1493 1976 diffi—

162 1996 310 2047 cilique
332 1997 372 2034 in
393 1998 480 2035 loco
501 2010 697 2045 versarer,
723 1997 762 2034 in
784 1997 858 2034 hae
882 1996 1058 2034 editione
1074 1996 1162 2033 usui
1178 1994 1411 2046 quotidiano
1426 1993 1492 2032 de-

160 2052 309 2090 stinata
333 2053 389 2090 ita
411 2053 696 2092 moderandam
719 2052 814 2090 duxi
847 2053 1040 2090 rationem
1066 2052 1265 2097 criticam,
1294 2056 1338 2088 ut
1362 2061 1495 2102 neque

161 2108 296 2146 sordes
322 2121 458 2147 omnes
484 2116 522 2146 et
550 2108 695 2147 menda
717 2108 965 2145 librariorum
988 2121 1060 2158 per
1089 2107 1251 2145 saecula
1272 2111 1494 2158 propagata

161 2164 304 2202 stultus
325 2177 541 2202 venerarer
566 2171 686 2215 atque
711 2165 860 2201 intaeta
884 2163 1150 2214 relinquerem
1184 2161 1395 2212 (asterisco
1423 2173 1491 2198 no-

160 2220 233 2257 tati
257 2227 347 2257 sunt
367 2220 393 2257 ii
414 2220 505 2267 loci,
533 2234 699 2271 quorum
724 2219 882 2256 medela
905 2233 982 2256 non
1008 2225 1091 2256 erat
1111 2218 1150 2256 in
1173 2224 1341 2269 promtu,
1363 2229 1489 2255 remo-

161 2275 271 2327 tique
295 2288 316 2313 e
338 2281 526 2314 contextu
547 2288 684 2314 versus
709 2281 847 2325 aperte
871 2274 1013 2324 spurii)
1038 2286 1171 2324 neque
1194 2275 1280 2324 ipse
1302 2271 1493 2322 ingenioli

164 2330 390 2369 ostentandi
429 2344 550 2370 causa
589 2333 851 2381 intemperata
882 2329 1048 2368 libidine
1085 2327 1338 2376 conjectandi
1372 2328 1492 2365 nimio
