1619 2556
440 111 484 141 11.
518 110 597 142 ΕΙΣ
618 108 886 141 ΑΠΟΛΛῼΝΑ
908 107 1109 141 ΠΤΘΙΟΝ.
1380 109 1428 145 19

126 217 203 269 νῆα
224 211 266 257 δ’
287 218 431 257 ἔπειτα
451 215 659 269 με’λαιναν
680 211 750 256 ἐπ’
771 210 953 268 ἠπείρου
973 211 1202 267 ἐρύσασθε,
1367 218 1432 251 310

123 283 168 324 ἐκ
191 281 235 324 δὲ
255 279 446 337 κτήμαθ’
467 283 618 324 ἕλεσθε
640 281 709 323 καὶ
730 285 852 324 ἔντεα
871 278 973 335 νηὸς
992 282 1120 334 ἐΐσης,

122 348 192 391 καὶ
210 347 358 403 βωμὸν
378 345 576 403 ποιήσατ’
598 349 663 390 ἐπὶ
687 349 862 402 ῥηγμῖνι
881 346 1121 402 θαλάσσης·
1333 347 1430 398 [490]

121 417 206 468 πῦρ
229 412 268 457 δ’
290 417 576 465 ἐπικαίοντες.
608 416 682 457 ἐπί
696 411 736 457 τ’
757 412 916 470 άλφιτα
935 412 1067 457 λευκὰ
1085 412 1283 466 θύοντες,

122 479 326 537 εὔχεσθαι
349 481 401 538 δὴ
420 487 565 526 ἔπειτα
585 482 892 537 παριστάμενοι
914 482 1010 537 περὶ
1030 479 1199 537 βωμόν·

121 545 176 599 ὡς
194 548 272 605 μὲν
293 548 375 604 ε’γώ
395 548 440 592 τὸ
461 552 630 605 πρῶτον
651 551 697 592 ἐν
715 546 927 605 ἠεροειδέϊ
941 548 1085 606 πόντῳ
1364 558 1430 590 315

121 615 340 672 εἰδόμενος
359 620 532 672 δελφῖνι
551 619 658 672 θοῆς
679 617 748 659 ἐπὶ
767 615 869 672 νηὸς
886 614 1061 672 ὄρουσα,

120 681 175 734 ὥς
195 685 286 739 ἐμοὶ
305 681 509 740 εὔχεσθαι
531 689 754 742 Δελφινίῳ
767 697 775 706 ·
805 681 941 740 αὐτὰρ
960 682 982 727 ὅ
1003 681 1146 739 βωμὸς
1335 682 1430 735 [495]

120 748 138 770 *
158 748 285 801 αὐτὸς
306 753 480 806 δέλφιος
499 752 571 795 καὶ
590 749 766 802 ἐπόψιος
786 755 954 795 ἔσσεται
973 755 1070 795 αἰεί.

120 816 406 874 δειπνῆσαι’
366 838 386 862 τ
432 816 503 872 ἄρ’
526 823 670 862 ἔπειτα
689 820 778 874 θοῇ
796 817 911 874 παρὰ
936 823 1011 874 νηὶ
1026 822 1222 874 μελαίνη,

119 886 189 929 καὶ
209 896 379 929 σπεῖσαι
399 885 633 942 μακάρεσσι
651 892 792 935 θεοῖς
821 890 865 929 οι“
879 884 1104 942 Ολυμπον
1124 889 1308 940 ἔχουσιν
1363 895 1430 928 320

118 949 252 1008 αὐτὰρ
273 951 380 1009 ἐπὴν
400 958 533 997 σίτοιο
553 957 811 1009 μελίφρονος
831 951 903 1005 «ᾆξ’
893 970 993 1033 ερον
1012 946 1136 1008 ἧσθε,

119 1017 326 1075 ἔρχεσθαί
339 1018 391 1064 θ’
413 1018 486 1076 ἅμ’
508 1021 600 1077 ἐμοὶ
619 1021 689 1064 καὶ
708 1019 911 1076 ἰηπαιήον
919 1017 1128 1073 ’άείδειν,
1332 1022 1428 1074 [500]
1486 1020 1489 1022 ’

118 1086 255 1131 εἰσόκε
281 1090 421 1143 χῶρον
443 1092 651 1143 ἵκησθον,
680 1085 742 1131 ἵν’
763 1089 875 1140 ἕξετε
895 1092 1024 1131 πίονα
1043 1086 1161 1143 νηόν.

190 1152 269 1206 “Ὼς
286 1152 414 1210 ἔφαθ’
427 1168 436 1176 ·
457 1158 500 1198 οἱ
513 1152 555 1198 δ’
570 1153 653 1210 ἄρα
664 1157 741 1197 τοῦ
754 1154 866 1210 μάλα
881 1155 960 1210 μὲν
974 1154 1107 1198 κλύον
1123 1152 1177 1210 ἠδ
1186 1151 1195 1167 ’
1212 1156 1429 1198 ἐπίθοντο.

117 1225 227 1266 [στία
249 1222 327 1279 μὲν
347 1225 518 1276 πρῶτον
537 1222 751 1272 κάθεσαν,
780 1225 918 1265 λῦσαν
938 1222 984 1265 δὲ
1003 1226 1162 1277 βοείας,
1365 1232 1430 1266 325

118 1288 234 1333 ἰστὸν
255 1293 281 1333 δ
289 1287 298 1303 '
320 1288 517 1346 ἱστοδόκῃ
537 1291 729 1334 πέλασαν
748 1287 1023 1344 προτόνοισιν
1040 1285 1224 1345 ὑφέντες
1237 1301 1245 1310 ·

117 1359 163 1401 ἐκ
183 1357 229 1400 δὲ
249 1357 319 1401 καὶ
339 1354 462 1401 αὐτοὶ
480 1362 635 1413 βαῖνον
655 1358 724 1400 ἐπὶ
745 1359 922 1413 ῥηγμῖνι
941 1355 1176 1412 θαλάσσης.
1333 1358 1429 1409 [505]

117 1426 163 1468 ἐκ
184 1421 227 1467 δ’
248 1421 347 1474 ἁλὸς
368 1422 599 1480 ἤπειρόνδε
617 1423 731 1480 θοὴν
751 1421 833 1467 άνά
852 1421 924 1480 νῆ’
948 1423 1157 1479 ἐρύσαντο

118 1487 231 1541 ὑψοῦ
251 1492 319 1535 ἐπὶ
340 1491 558 1548 ψαμάθοις
571 1526 581 1542 ,
611 1489 695 1535 ὑπὸ
716 1489 756 1535 δ’
777 1494 938 1548 ἕρματα
961 1490 1104 1548 μακρὰ
1122 1489 1363 1534 τάνυσσαν·

118 1560 186 1602 καὶ
206 1557 353 1614 βωμὸν
374 1564 558 1615 ποίησαν
577 1560 645 1602 ἐπὶ
667 1560 842 1614 ῥηγμῖνι
861 1558 1103 1615 θαλάσσης·
1363 1568 1431 1602 330

117 1627 202 1680 πῦρ
224 1623 266 1668 δ’
290 1628 555 1677 ἐπικαίοντες
575 1628 650 1670 ἐπί
663 1623 703 1669 τ’
724 1624 883 1681 ἄλφιτα
902 1625 1034 1670 λευκὰ
1051 1624 1236 1676 θύοντες

118 1690 311 1748 εὔχονθ’,
342 1691 397 1744 ὡς
417 1696 609 1745 ἐκέλευε,
639 1693 949 1749 παριστάμενοι
969 1695 1067 1749 περὶ
1086 1692 1246 1750 βωμόν.
1332 1695 1430 1747 [510]

118 1759 280 1844 δόρπον
299 1758 443 1805 ἔπειθ’
465 1765 630 1805 εἵλοντο
649 1763 736 1816 θοῇ
757 1759 872 1816 παρὰ
895 1765 970 1817 νηῒ
986 1766 1181 1817 μελαίνῃ,

117 1828 186 1870 καὶ
206 1838 388 1871 σπεῖσαν
406 1827 642 1884 μακάρεσσι
661 1834 806 1883 θεοῖς,
833 1846 874 1871 οι
891 1826 1115 1885 Ὀλυμπον
1134 1833 1317 1884 ἐχουσιν.

117 1892 264 1978 αὐτάρ
273 1896 364 1938 ἐπεὶ
385 1894 531 1945 πόσιος
551 1896 620 1938 καὶ
641 1893 818 1951 ἐδητύος
838 1898 879 1947 ἐξ
900 1899 1034 1951 ἔρον
1018 1899 1128 1950 ε’ντο,
1364 1905 1430 1938 335

117 1960 200 2016 βάν
221 1959 264 2017 ῥ’
285 1969 404 2018 ἴμεν·
433 1963 534 2018 Ιἦρχε
556 1960 600 2005 δ’
623 1959 706 2015 ἄρα
721 1976 827 2017 σφιν
845 1960 951 2015 άναξ
963 1961 1070 2013 Διὸς
1089 1960 1181 2012 υιός
1198 1960 1428 2006 Ἀπόλλων.

117 2026 331 2085 φόρμιγγ’
347 2031 394 2073 ἐν
414 2035 629 2085 χείρεσσιν
649 2034 779 2084 ε”χων
808 2029 961 2085 ἐρατὸν
980 2035 1231 2085 κιθαρίζων
1335 2031 1430 2080 [515]

118 2095 225 2139 καλὰ
243 2097 314 2140 καὶ
332 2094 410 2148 ὕψι
430 2096 577 2152 βιβάς·
603 2099 647 2139 οἵ
663 2096 709 2139 δὲ
730 2096 959 2153 ῥήσσοντες
979 2100 1132 2142 ἕποντο

121 2166 282 2219 Κρῆτες
301 2162 405 2217 πρὸς
426 2162 566 2207 Πυθώ
587 2164 657 2206 καὶ
673 2161 905 2219 Ἰηπαιήον’
931 2163 1093 2209 ἄειδον.

117 2227 202 2273 οἷοί
217 2248 262 2273 τε
283 2234 468 2286 Κρητῶν
488 2230 714 2287 παιήονες,
743 2228 833 2274 οἷσί
847 2250 892 2276 τε
911 2235 1071 2276 Μοῦσα
1361 2240 1429 2273 346

111 2298 163 2339 -ἐν
182 2296 416 2353 στήθεσσιν
436 2303 567 2353 ἔθηκε
586 2296 670 2341 θεὰ
690 2303 926 2354 μελίγηρυν
944 2298 1107 2355 άοιδήν.

1107 2372 1130 2408 2
1142 2373 1158 2393 Ὁ
