1619 2556
170 109 221 149 28
648 120 711 151 111.
748 120 827 152 ΕΙΣ
849 120 1028 152 EPMHN.

268 217 318 266 Ὦ
338 222 469 267 πόποι
482 257 493 277 ,
516 216 539 278 ἦ
558 224 667 278 μέγα
685 226 838 280 θαῦμα
857 221 953 266 τόδ’
974 221 1275 281 ὀφθαλμοῖσιν
1293 223 1477 284 ὁρῶμαι·

171 298 286 347 ἴχνια
307 291 388 347 μὲν
407 289 510 334 τάδε
529 286 573 346 γ’
597 291 686 335 ἐστὶ
704 293 822 347 βοῶν
841 288 1194 348 ὀρθοκραιράων,

169 357 277 403 ἀλλὰ
295 358 428 402 πάλιν
446 359 677 412 τέτραπται
699 361 742 410 ἐς
760 356 1008 415 ἀσφοδελὸν
1027 362 1217 416 λειμῶνα
1229 373 1238 382 ·

170 426 342 484 βήματα
363 424 403 470 δ’
427 423 523 470 οὔτ’
545 423 704 482 ἀνδρὸς
726 426 830 470 τάδε
849 432 1017 483 γίνεται
1041 426 1144 471 οὔτε
1161 426 1382 484 γυναικὸς,

170 493 269 539 οὔτε
289 494 435 538 λύκων
454 496 619 538 πολιῶν
637 492 731 538 οὔτ’
753 493 926 551 ἄρκτων
945 493 1045 539 οὔτε
1065 495 1255 540 λεόντων
1268 510 1276 518 ·

169 560 270 607 οὔτε
289 581 329 606 τι
348 554 590 617 κένταυρον
613 561 876 619 λασιαύχενα
897 567 1079 619 ἔλπομαι
1100 564 1226 618 εἶναι,

169 629 285 682 ὅστις
304 641 398 675 τοῖα
419 632 592 685 πέλωρα
612 632 717 688 βιβᾷ
737 632 839 674 ποσὶ
856 636 1213 688 καρπαλίμοισιν·

169 698 269 743 αι’νὰ
287 698 366 755 μὲν
388 703 522 743 ἔνθεν
540 696 684 752 ὁδοῖο,
712 697 763 741 τὰ
786 702 811 742 δ
820 696 829 711 ’
852 697 1045 754 αἰνότερ’
1066 704 1201 744 ἔνθεν
1219 697 1350 744 ὁδοῖο.

260 764 338 817 Ὣς
359 764 495 810 εἰπών
514 764 632 823 ἤιξεν
652 764 759 820 ἅναξ
779 764 887 816 Διὸς
906 765 999 818 υίὸς
1015 765 1254 811 Ἀπόλλων·

168 834 399 891 Κυλλήνης
419 832 461 879 δ’
483 832 700 890 ἀφίκανεν
718 832 816 890 ὅρος
839 840 1125 891 καταείμενον
1143 834 1240 893 ὕλῃ,

169 905 324 959 πέτρης
344 907 404 953 εἰς
424 905 661 959 κευθμῶνα
681 902 928 959 βαθύσκιον
941 937 951 957 ,
980 907 1090 948 ἔνθα
1111 921 1155 947 τε
1175 903 1325 960 νύμφη

167 969 380 1028 ἀμβροσίη
400 969 600 1026 ἐλόχευσε
620 969 727 1021 Διὸς
750 974 885 1014 παῖδα
905 975 1168 1026 Κρονίωνος.

168 1037 278 1095 ὀδμὴ
301 1036 341 1082 δ’
364 1038 593 1095 ἱμερόεσσα
615 1036 678 1082 δι’
700 1037 852 1094 οὔρεος
870 1035 1079 1095 ἠγαθέοιο

169 1110 371 1162 κίδνατο,
398 1105 535 1150 πολλὰ
557 1106 603 1150 δὲ
623 1109 736 1164 μῆλα
755 1105 1009 1150 ταναύποδα
1029 1107 1211 1164 βόσκετο
1232 1114 1373 1165 ποίην.

168 1180 280 1220 ἔνθα
299 1174 395 1218 τότε
414 1174 618 1218 σπεύδων
637 1174 903 1231 κατεβήσατο
923 1174 1077 1219 λάϊνον
1102 1172 1237 1220 οὐδὸν

167 1241 328 1299 ἄντρον
349 1244 392 1294 ἐς
410 1241 563 1300 ἠερόεν
583 1243 841 1300 ἑκατηβόλος
859 1239 989 1294 αὐτὸς
1005 1240 1237 1288 Ἀπόλλων.

274 1309 360 1354 Τὸν
380 1309 423 1354 δ’
444 1308 501 1362 ὡς
521 1304 603 1355 οὖν
623 1309 772 1366 ἐνόησε
793 1309 899 1361 Διὸς
918 1311 991 1354 καὶ
1009 1310 1213 1363 Μαιάδος
1232 1310 1325 1363 υίὸς

167 1377 388 1436 χωόμενον
408 1380 507 1435 περὶ
525 1380 683 1435 βουσὶν
703 1378 912 1435 ἑκηβόλον
928 1376 1192 1434 Ἀπόλλωνα,

168 1445 386 1504 σπάργαν’
409 1452 492 1491 ἔσω
515 1449 725 1491 κατέδυνε
745 1444 930 1503 θυήεντ’
944 1459 952 1468 ·
982 1444 1086 1503 ήῦτε
1111 1445 1276 1503 πολλὴν

166 1517 371 1571 πρέμνων
391 1513 640 1570 ἀνθρακιὴν
659 1513 766 1571 οὔλη
785 1513 945 1565 σποδὸς
963 1512 1297 1571 ἀμφικαλύπτει,

168 1592 187 1616 '¹
208 1581 265 1634 ὥς
280 1582 435 1640 Ἑρμῆς
447 1581 682 1639 Ἑκάεργον
702 1580 810 1627 ι’δών
832 1580 1027 1626 ἀλέεινεν
1047 1582 1214 1627 ἑαυτόν.

169 1653 215 1695 ἐν
236 1649 278 1695 δ’
301 1650 433 1710 ὀλίγῳ
455 1652 694 1695 συνέλασσε
714 1650 824 1706 κάρη
842 1649 988 1706 χεῖράς
1005 1668 1052 1693 τε
1071 1650 1207 1702 πόδας
1226 1668 1285 1705 τε,

168 1718 228 1775 φή
249 1722 302 1774 ῥα
322 1718 599 1774 νεόλλουτος,
630 1717 980 1775 προκαλεύμενος
999 1716 1170 1775 ἥδυμον
1187 1717 1343 1773 ὕπνον,

167 1786 392 1844 ἐγρήσσων
412 1786 531 1831 ἐτεόν
551 1799 621 1842 γε·
645 1788 781 1842 ,χέλυν
802 1784 843 1829 δ’
866 1782 952 1829 ὑπὸ
973 1785 1170 1843 μασχάλῃ
1192 1785 1288 1843 εἶχε.

169 1857 260 1910 γνῶ
281 1853 324 1898 δ’
344 1853 445 1899 οὐδ’
466 1853 670 1911 ἠγνοίησε
690 1853 797 1905 Διὸς
817 1855 890 1897 καὶ
908 1856 1077 1910 Λητοῦς
1094 1852 1187 1904 υίὸς

168 1922 346 1979 νύμφην
365 1921 405 1966 τ’
431 1921 609 1979 οὐρείην
627 1923 887 1978 περικαλλέα
906 1923 980 1965 καὶ
998 1927 1129 1978 φίλον
1147 1920 1259 1977 υἱὸν,

167 1988 293 2034 παῖδ’
315 1988 463 2046 ὀλίγον
477 2026 485 2033 .
517 1994 663 2047 δολίῃς
683 1991 912 2046 εἰλυμένον
931 1991 1191 2046 ἐντροπίῃσι.

167 2058 393 2114 παπτήνας
414 2056 456 2101 δ’
477 2056 560 2113 ἄρα
580 2058 721 2101 πάντα
741 2055 879 2115 μυχὸν
898 2056 1101 2114 μεγάλοιο
1125 2055 1273 2112 δόμοιο

167 2137 281 2182 τρεῖς
299 2124 486 2175 άδύτους
510 2123 675 2184 άνέςογε
695 2123 844 2181 λαβὼν
862 2128 1019 2181 κληῖδα
1039 2122 1240 2180 φαεινὴν,

167 2196 371 2250 νέκταρος
390 2196 617 2249 ἐμπλείους
637 2190 709 2249 ἠδ’
730 2191 967 2249 ἀμβροσίης
987 2194 1206 2248 ἐρατεινῆς
1219 2205 1228 2213 ·

167 2260 325 2312 πολλὸς
345 2262 391 2306 δὲ
411 2260 568 2317 χρυσός
586 2279 631 2304 τε
650 2262 722 2304 καὶ
741 2259 931 2316 ἄργυρος
950 2264 1079 2304 ἔνδον
1098 2265 1248 2311 ἔκειτο,

168 2328 304 2373 πολλὰ
326 2330 371 2373 δὲ
392 2327 672 2385 φοινικόεντα
691 2329 763 2371 καὶ
782 2326 959 2384 ἄργυφα
980 2331 1131 2384 εἵματα
1149 2327 1337 2383 νύμφης,

1429 305 1496 338 220

1426 643 1493 677 225

1424 1661 1492 1695 240

1422 1998 1490 2033 245
