1619 2556
420 113 467 145 11.
507 112 588 144 ΕΙΣ
611 111 883 146 ΑΠΟΛΛῼΝΑ
906 111 1109 145 ΠΤΘΙΟΝ.
1406 105 1430 141 9

738 233 796 274 ΙΙ.

457 325 538 356 ΕΙΣ
563 323 836 357 ΑΠΟΛΛῼΝΑ
861 323 1064 359 ΠΤΘῙΟΝ.

198 412 261 472 [Ὦ
282 417 366 464 ἄνα
378 454 389 475 ,
419 420 491 463 καὶ
515 423 686 476 Λυκίην
706 420 778 463 καὶ
797 424 1007 477 Μῃονίην
1025 420 1253 479 ἐρατεινὴν

99 488 170 531 καὶ
188 492 390 545 Μίλητον
410 493 518 544 ἔχεις
530 522 541 543 ,
572 492 728 532 ἔναλον
747 487 876 532 πόλιν
895 486 1166 545 ἱμερόεσσαν,
1332 495 1428 545 [180]

101 553 227 607 αὐτὸς
248 553 292 600 δ’
313 550 370 600 αὖ
390 555 552 613 Δήλοιο
573 555 860 612 περικλύστης
879 553 977 613 μέγ’
996 553 1228 612 άνάσσεις.]

367 622 386 644 *
660 627 679 650 ηε
954 627 974 650 *

100 691 180 736 εἶσι
202 691 249 735 δὲ
269 697 491 748 φορμίζων
512 694 682 748 Λητοῦς
703 693 926 747 ἐρικυδέος
945 690 1038 743 υίὸς

97 758 306 817 φόρμιγγι
324 763 533 817 γλαφυρῇ
552 758 659 816 πρὸς
678 758 823 804 Πυθώ
848 759 1134 817 πετρήεσσαν,
1407 774 1427 806 5

96 825 291 884 ἄμβροτα
312 826 452 885 εἵματ’
474 832 586 885 ἔχων
604 829 863 884 τεθυωμένα
876 841 885 850 ·
920 839 1012 873 τοῖο
1033 828 1080 873 δὲ
1105 827 1292 886 φόρμιγξ

95 897 282 952 χρυσέου
299 893 385 940 ὑπὸ
405 895 626 953 πλήκτρου
645 894 842 952 καναχὴν
858 900 950 952 ’ἔχει
971 896 1240 954 ἱμερόεσσαν.
1328 899 1423 952 [185]

96 969 230 1009 ἔνθεν
250 965 296 1008 δὲ
317 962 659 1022 πρόςὍλυμπον
680 962 763 1009 άπὸ
782 963 962 1020 χθονὸς,
995 962 1105 1009 ὥστε
1125 965 1279 1022 νόημα,

96 1032 178 1077 εἶσι
195 1031 303 1084 Διὸς
321 1032 428 1090 πρὸς
450 1036 572 1090 δῶμα
600 1035 723 1078 θεῶν
741 1029 848 1090 μεθ’
874 1029 1090 1090 ὁμήγυριν
1108 1031 1267 1078 ἄλλων.

97 1098 251 1146 αὐτίκα
271 1097 314 1144 δ’
336 1099 597 1146 ἀθανάτοισι
616 1103 735 1159 μέλει
756 1105 933 1158 κίθαρις
952 1103 1024 1145 καὶ
1043 1098 1191 1158 άοιδή·
1384 1111 1425 1144 10

95 1172 273 1214 Μοῦσαι
298 1171 379 1226 μέν
396 1167 446 1214 θ’
469 1168 556 1227 ἅμα
577 1173 712 1214 πᾶσαι
731 1167 1015 1226 ἀμειβόμεναι
1034 1167 1108 1213 ὀπὶ
1128 1172 1241 1227 καλῇ

93 1235 307 1295 ὑμνεῦσίν
327 1240 381 1294 ῥα
400 1241 523 1282 θεῶν
543 1235 648 1294 δῶρ’
669 1236 866 1294 ἄμβροτα
895 1234 969 1294 ἠδ’
990 1236 1244 1295 ἀνθρώπων
1330 1243 1425 1292 [190]

93 1305 386 1363 τλημοσύνας,
418 1304 490 1353 ὅσῗ
511 1312 682 1362 ἔχοντες
702 1303 778 1350 ὑπ’
802 1303 1064 1350 ἀθανάτοισι
1082 1313 1227 1351 θεοῖσι

93 1372 247 1429 ζωουσ’
269 1371 486 1431 ἀφραδέες
506 1375 578 1420 καὶ
597 1372 833 1431 άμήχανοι,
863 1371 968 1418 ουδε
994 1373 1207 1418 δύνανται

94 1439 323 1499 εὑρέμεναι
344 1441 558 1488 θανάτοιό
576 1440 617 1486 τ’
638 1440 741 1494 α’κος
759 1443 832 1487 καὶ
846 1441 1011 1527 γήραος
1030 1440 1192 1499 άλκαρ·
1384 1453 1423 1487 15

92 1509 230 1566 αὐτὰρ
251 1509 517 1568 ἐυπλόκαμοι
537 1510 721 1566 Χάριτες
741 1511 814 1555 καὶ
833 1509 1048 1567 ἐύφρονες
1061 1503 1187 1567 Ὧραι
1338 1507 1341 1513 ’

87 1576 290 1636 Αρμονίη
309 1576 363 1623 θ’
381 1577 497 1636 Ὴβη
517 1597 563 1623 τε
582 1577 690 1630 Διὸς
707 1577 908 1636 θυγάτηρ
928 1598 950 1622 τ
959 1576 1220 1635 ’Ἀφροδίτη
1325 1583 1422 1632 [195]

91 1644 290 1703 ὀρχεῦντ’
311 1644 513 1704 ἀλλήλων
533 1648 603 1692 ἐπὶ
622 1649 778 1706 καρπῷ
795 1657 941 1703 χεῖρας
960 1651 1158 1728 ἔχουσαι*

91 1718 189 1772 τῇσι
208 1715 289 1772 μὲν
307 1712 405 1758 οὔτ’
427 1713 581 1772 αἰσχρὴ
600 1717 916 1772 μεταμέλπεται
936 1712 1031 1758 οὔτ’
1053 1714 1239 1771 ἐλάχεια,

91 1780 199 1827 αλλα
217 1782 332 1840 μάλα
351 1782 516 1840 μεγάλη
535 1801 581 1827 τε
601 1786 715 1827 ἰδεῖν
734 1784 806 1827 καὶ
827 1780 984 1833 εἶδος’
960 1780 1111 1840 αγητὴ,
1379 1792 1424 1825 20

83 1850 280 1928 ’Ἄρτεμις
299 1851 493 1907 ἰοχέαιρα
514 1848 757 1908 ὁμότροφος
773 1849 1023 1895 Ἀπόλλωνι.

91 1921 139 1964 ἐν
160 1917 202 1963 δ’
222 1920 279 1963 αὑ
299 1921 426 1976 τῇσιν
434 1918 566 1976 ’Ἁρης
585 1921 658 1963 καὶ
677 1918 889 1970 ἐΰσκοπος
909 1916 1217 1976 Ἀργειφόντης
1322 1919 1421 1970 [200]

93 1984 289 2041 nad’govff
303 1999 313 2009 ·
345 2005 483 2044 αυταρ
505 1985 527 2031 ὁ
552 1991 714 2043 Φοῖβος
730 1985 950 2031 Ἀπόλλων
971 1989 1250 2043 ἐγκιθαρίζει,

91 2054 201 2099 καλὰ
223 2055 295 2099 καὶ
313 2052 392 2106 ὕψι
413 2055 561 2112 βιβάς·
589 2060 717 2112 αἴγλη
739 2057 789 2100 δέ
804 2073 881 2112 μιν
899 2052 1185 2112 ἀμφιφαείνει

91 2126 376 2180 μαρμαρυγῆς
402 2141 448 2167 τε
470 2126 622 2170 ποδῶν
641 2124 714 2167 καὶ
734 2121 995 2168 ε’ὕκλῶστοιο
1016 2125 1209 2179 χιτῶνος.
1378 2135 1421 2167 25

91 2194 135 2236 οἶ
151 2195 177 2236 δ
184 2189 192 2205 ’
216 2192 521 2248 ἐπιτέρπονται
540 2189 690 2248 θυμὸν
708 2192 847 2249 μέγαν
867 2189 1160 2247 εἰσορόωντες,

93 2259 219 2316 Λητώ
239 2277 285 2303 τε
306 2259 662 2317 χρυσοπλόκαμος
681 2260 753 2303 καὶ
773 2264 950 2316 μητίετα
969 2257 1093 2313 Ζεὺς,
1324 2262 1422 2312 [205]

94 2325 167 2372 υἷα
186 2332 318 2382 φίλον
337 2332 542 2382 παίζοντα
561 2325 657 2383 μετ’
678 2324 938 2371 ἀθανάτοισι
957 2334 1114 2371 θεοῖσι.
